3382 5370
256 343 330 414 528
686 377 802 413 DlAbOGl
823 377 1091 414 rsuvoottv'r‘rntttct.

318 532 465 589 Canidia.
504 533 614 591 Varicns
637 535 791 591 hircocervo
815 537 875 592 huie
898 537 1015 593 insidere
1036 544 1065 593 et
1087 536 1207 592 astartibus
1229 554 1329 593 cornua
1354 546 1453 594 tenere.

318 618 461 674 llubous.
498 623 531 674 att
554 637 607 693 quo
630 629 709 693 pacto
732 619 898 697 χειροῦργος
920 630 1013 677 noster
1035 622 1206 695 portabitur?

318 703 464 758 Canidia.
502 704 556 759 h'isi
579 714 606 760 et
630 706 687 780 ipse
714 706 836 762 inanibus
863 707 972 763 caudam
1001 707 1200 781 apprehendat.
1230 724 1284 781 quo
1314 716 1392 782 paeto
1420 707 1535 763 velratnr

318 787 462 843 lluheus.
500 789 539 844 l'u
561 807 624 844 vere
647 792 782 863 quamodo
805 796 886 864 ages?
1405 788 1533 868 [quaerat.

186 886 245 934 §.aa
317 873 467 929 Canidia.
504 873 612 930 llircino
629 874 748 932 iusidebu
770 877 851 950 capiti
875 894 904 932 ac
928 886 1050 950 tanquam
1074 878 1137 950 virgi
1160 876 1325 949 gubernator
1347 876 1459 933 bestiam
1476 895 1559 933 ino-o

252 956 383 1020 derahur;
414 966 441 1013 tu
465 959 550 1031 igitur·
572 959 713 1022 inscendo,
744 971 771 1016 tu
796 979 858 1017 veru
888 961 1009 1017 viravnibus
1039 971 1085 1017 aaut
1114 962 1136 1017 si
1166 963 1247 1018 annis
1274 962 1400 1018 dentilms
1421 962 1533 1018 caudam

251 1043 386 1099 menlicus
408 1045 513 1117 arripe;
544 1053 649 1119 tempus
678 1047 747 1101 enirn
777 1046 876 1102 labitur
903 1056 930 1101 et
960 1047 1009 1102 iam
1040 1065 1080 1102 me
1105 1047 1185 1102 lictus
1208 1056 1340 1120 expectat.
1385 1047 1435 1102 Sed
1459 1047 1531 1109 bem.

252 1128 324 1201 quml
346 1146 414 1202 peno
437 1128 519 1184 oblita
543 1130 656 1190 luermn,
680 1148 733 1185 ιιιιιι
756 1150 833 1187 secus
856 1149 935 1205 quam
959 1132 984 1186 in
1008 1132 1143 1206 mysteriis
1166 1131 1301 1188 silentium
1317 1131 1459 1193 tenebitis,
1483 1150 1534 1187 nee

251 1230 298 1267 ves
320 1211 412 1286 aliquo
434 1215 513 1268 modo
537 1214 693 1287 signabitis,
717 1225 763 1271 aut
784 1216 927 1272 eonhstirn
952 1217 976 1271 in
1000 1216 1059 1272 Orci
1083 1215 1172 1272 stilum
1196 1217 1328 1273 incidetis.

315 1296 461 1353 lluhcns.
499 1291 527 1366 ἐς
549 1291 735 1374 κυνόσαργες.
1545 1318 1570 1357 ιιι

314 1382 462 1439 Canidia.
500 1384 549 1440 Sed
573 1385 691 1458 namquid
715 1385 765 1441 iam
789 1387 873 1459 parati
897 1388 981 1443 estis?

184 1479 246 1527 §.ua-
314 1467 463 1524 llubeus.
500 1469 597 1524 Parati.

313 1553 461 1609 Canidia.
499 1554 591 1609 Vhletc
607 1572 686 1628 erqo,
710 1574 770 1628 epum
786 1573 829 1612 res
845 1557 912 1613 vitale
928 1556 1002 1611 volus
1026 1566 1122 1617 vertat.
1147 1566 1175 1611 ut
1199 1557 1382 1612 mandatorum
1398 1573 1532 1611 irremores

250 1637 324 1698 sitis,
348 1655 396 1694 nec
412 1639 552 1712 quisquam
570 1649 685 1697 vestrum
702 1641 806 1697 hiscere
821 1642 925 1698 audeat.
970 1658 1138 1702 svnnonvr.
1162 1656 1353 1700 nsn'rsucon.
1377 1657 1531 1698 nervosus.

313 1723 455 1779 liubeus.
492 1724 577 1786 Proh,
601 1724 688 1780 verbis
712 1734 815 1783 tantum
838 1727 864 1782 in
887 1726 969 1782 altum
991 1726 1144 1782 evehimur?
1410 1721 1530 1801 [saner.
1544 1741 1569 1779 rs

312 1808 461 1864 Canidia.
500 1808 613 1883 Egregie
636 1810 755 1867 mandata
780 1829 883 1872 servas,
907 1822 933 1867 et
957 1812 1007 1866 nisi
1031 1810 1121 1867 herbis
1146 1810 1187 1865 bis
1210 1811 1348 1866 medicatis
1371 1811 1482 1865 sinistre
1498 1811 1531 1865 de

251 1901 276 1947 to
299 1894 438 1968 suspicans
466 1895 581 1950 vervecis
607 1913 686 1951 aures
715 1895 924 1958 obstruxissent.
952 1896 1055 1952 iatniam
1078 1896 1193 1951 Cerbero
1222 1894 1347 1970 pabulum
1377 1895 1530 1969 preberes:

250 1993 320 2033 nunc
343 1996 405 2034 vero
429 1987 517 2034 tacere
540 1978 606 2034 nihil
628 1981 737 2042 attinet,
760 1983 806 2037 scd
831 1980 912 2037 libere
936 1998 1021 2054 nugas
1045 1999 1155 2052 irrigare.

313 2063 456 2119 lluhens.
493 2064 578 2125 Proh,
603 2064 674 2121 intus
698 2084 793 2139 paveo.
817 2066 885 2122 loris
908 2077 996 2122 autem
1020 2066 1143 2123 larniidu.

312 2147 513 2222 Chirurgus.
550 2149 613 2205 Plus
635 2168 700 2224 ego.
725 2152 769 2225 qui
794 2152 864 2207 inter
885 2151 981 2208 orelam
1005 2161 1032 2207 et
1054 2151 1179 2225 abyssum
1195 2150 1327 2225 pendulus
1344 2150 1425 2215 levor,
1449 2166 1567 2222 quam-ao

251 2233 332 2288 timeo
354 2234 449 2295 miser.
473 2251 505 2289 ne
530 2243 654 2309 tanquam
676 2234 750 2291 llelle
774 2235 819 2291 illa
842 2234 929 2292 lucum
953 2236 1067 2311 aliquem
1092 2254 1147 2291 inea
1170 2235 1245 2290 clade
1267 2233 1415 2291 nobilitem.

312 2318 460 2375 Canidia.
497 2318 619 2376 Cloacam
642 2321 775 2376 fortassis.

182 2425 239 2475 §.bh
313 2403 452 2459 lluheus.
489 2405 548 2464 Eia.
572 2399 749 2468 rraatcr'mem
772 2424 820 2462 cur
843 2405 979 2464 barbarica
1002 2407 1080 2463 verba
1105 2405 1149 2462 illa
1173 2405 1320 2461 intonastil
1343 2422 1405 2460 num
1430 2405 1470 2460 his
1486 2423 1529 2459 ve·

248 2496 309 2546 otor
330 2497 424 2545 noster
446 2489 610 2564 impellitur?

311 2573 462 2630 Canidia.
498 2574 578 2631 llecto
601 2576 720 2649 quidem.
745 2593 803 2632 aratu
825 2577 856 2632 ad
874 2577 981 2633 illarum
998 2595 1093 2633 sonum
1111 2576 1237 2650 Erinnys,
1261 2575 1374 2648 ttegsra
1390 2584 1417 2630 et
1432 2575 1564 2632 diaetam

247 2676 308 2717 curn
324 2659 412 2715 Furiis
434 2668 461 2715 et
484 2661 609 2716 universo
633 2659 756 2718 inlcruab
779 2663 940 2718 contremunt
962 2672 1047 2724 crem.
1071 2680 1100 2718 ac
1124 2670 1257 2717 vectorem
1281 2669 1402 2716 nestrum
1426 2661 1529 2733 pariter

247 2744 395 2801 stimulant.
441 2745 511 2818 quud
534 2746 556 2800 si
580 2745 688 2802 illorum
712 2746 762 2802 vim
786 2755 884 2802 tautam
908 2747 1061 2820 perdiscere
1084 2747 1173 2821 cupis,
1197 2747 1253 2801 vice
1277 2762 1351 2800 versa
1373 2744 1408 2800 ab
1425 2744 1527 2801 ultimis

247 2828 339 2902 legere
362 2829 473 2903 incipias
495 2829 647 2892 elementis.
671 2832 783 2904 etquid
807 2831 857 2887 sibi
881 2832 938 2888 haec
961 2831 1058 2895 velint,
1081 2832 1224 2887 evvrvlestim
1248 2829 1391 2903 intelliges.

310 2913 452 2971 Rubeus.
490 2915 563 2971 llaud
584 2915 646 2971 dum
670 2915 790 2990 percipie
812 2917 873 2990 quid
897 2918 978 2972 dicas.

310 2999 458 3054 Canidia.
496 3000 536 3056 h'il
559 3001 669 3063 mirum,
692 3018 751 3057 eum
775 3002 869 3075 quevis
891 3020 955 3059 saxo
979 3001 1104 3058 stolidior
1126 3002 1233 3057 cristas.
1536 3016 1562 3056 aa

180 3105 239 3154 psa,
311 3083 454 3140 Bulaeus.
492 3085 542 3141 Sed
566 3087 647 3159 virgis
669 3087 760 3142 cador
782 3087 878 3149 miser,
902 3096 929 3142 et
952 3088 1002 3143 iarn
1025 3104 1102 3143 crum
1125 3086 1256 3157 satvguinc
1278 3083 1391 3141 stillant.

310 3170 460 3225 Canidia.
498 3169 671 3228 Elleborosus
693 3189 736 3233 es,
759 3171 885 3229 arborum
909 3181 972 3228 sunt
994 3173 1144 3228 eacumina:
1168 3171 1239 3245 quod
1263 3171 1285 3226 si
1308 3169 1402 3243 caligis
1420 3170 1526 3225 obtecta

248 3252 296 3310 tihi
318 3262 409 3310 essent
430 3273 523 3316 crura.
547 3256 615 3312 haud
639 3257 675 3311 ita
697 3256 812 3313 doleres.

310 3339 453 3395 llubeus.
492 3341 637 3398 lnduisscm
660 3340 732 3402 illas.
756 3343 805 3398 nisi
831 3350 858 3398 tu
879 3343 914 3398 ita
938 3342 1123 3401 accelerasses.

309 3424 508 3499 Chirurgus.
541 3412 616 3502 ‘qub
630 3419 662 3482 tt
676 3423 866 3500 κακοδαίμων
889 3427 923 3483 ob
945 3438 1071 3484 extremae
1087 3426 1191 3482 latrina
1208 3426 1331 3480 hetorum
1349 3431 1452 3481 tanturn
1468 3441 1522 3479 nan
1536 3439 1562 3479 aa.

245 3503 443 3584 temouvps'a,
466 3520 493 3566 et
515 3511 655 3567 admodum
679 3529 786 3574 vereor,
811 3530 843 3568 nc
865 3514 975 3568 calidam
991 3513 1112 3568 titanibus
1128 3512 1263 3567 dimittere
1285 3527 1380 3583 cogar.
1405 3510 1441 3565 ita
1464 3526 1525 3564 ese·

247 3595 343 3652 cranda
366 3605 393 3651 ct
416 3604 490 3652 tanto
513 3614 605 3671 pressa
628 3598 748 3669 pondere
771 3597 840 3653 olida
864 3597 921 3654 haec
944 3598 1027 3653 hostia
1050 3597 1155 3652 assidue
1178 3597 1276 3670 pedere
1300 3612 1353 3650 non
1375 3602 1471 3650 cessat.

177 3698 235 3749 aas,
308 3680 452 3736 lluheus.
490 3680 613 3744 Falleris,
636 3668 692 3756 ἐγώ
706 3669 763 3756 pria
776 3676 924 3756 ἐγκέχοδα.

309 3765 508 3838 Chirurgus.
546 3767 612 3834 Quid
636 3768 691 3830 ais,
714 3767 843 3828 sceleste.
867 3778 895 3824 tu
918 3786 951 3823 ne
974 3769 1089 3824 cacasti'!
1327 3761 1524 3841 [permerdans.

310 3850 454 3906 lluheus.
491 3850 523 3906 Et
548 3853 687 3909 concacavi
716 3870 838 3928 quoque,
872 3871 925 3910 non
953 3871 1031 3910 secus
1063 3870 1093 3907 ac
1122 3851 1311 3911 llechstratus,
1345 3848 1563 3922 indulgentiasm

244 3965 444 3977 ——n—-

313 4035 334 4067 ¹⁰
352 4034 400 4083 ‘Aa
420 4033 610 4100 Cynosarges)
628 4035 755 4085 Herculis
774 4037 953 4099 gymnasium,
973 4035 1158 4095 Antisthenis,
1178 4033 1290 4097 Cpnicae
1310 4037 1393 4081 sectae
1412 4032 1523 4096 eapitis,

245 4118 386 4169 scholast
409 4119 455 4169 ubi
478 4121 564 4185 spurii
587 4136 617 4170 sc
641 4120 820 4179 exercebant,
847 4121 891 4184 qtd
915 4136 1002 4184 aveque
1025 4125 1140 4184 paterno
1164 4133 1251 4182 neque
1275 4123 1398 4166 materno
1422 4131 1524 4179 genero

245 4205 320 4254 cives
338 4208 437 4254 essent.
457 4205 530 4255 Savid.
549 4204 574 4253 h.
589 4204 891 4269 »nongentaeque
911 4204 1032 4270 Apostol.
1047 4206 1079 4254 X.
1093 4205 1134 4254 ¹22.
1199 4202 1219 4234 ¹⁴
1239 4217 1382 4253 evasonvr
1401 4197 1459 4264 etc]
1479 4198 1524 4249 Cf.

243 4291 267 4349 ᾖ.
281 4288 321 4339 ab.
358 4289 379 4321 ¹⁸
397 4304 460 4353 arsag.
474 4287 512 4354 n.]
533 4288 575 4338 Cf.
589 4287 675 4354 λῆρον
688 4289 782 4356 ληρεῖς
800 4289 853 4339 vol.
866 4291 887 4340 Ι.
901 4307 926 4355 p.
944 4289 998 4340 lut.
1012 4288 1148 4354 Aristopb.
1163 4287 1233 4337 Plut.
1248 4286 1304 4336 517.
1342 4285 1363 4317 ¹⁹
1375 4285 1418 4335 Cf.
1431 4283 1523 4334 Plsut.

234 4375 442 4437 *Oistlvnzaa
493 4372 579 4423 ιῦΕι.
592 4374 664 4438 Meg.
678 4372 731 4440 At]
746 4376 880 4439 Erinnyes
899 4391 920 4424 s.
936 4374 1108 4424 Eunrenirles.
1147 4369 1521 4429 caluam.(atestinum.

243 4458 262 4490 ³¹
283 4457 376 4525 Helle]
396 4461 428 4511 de
443 4460 529 4510 ariete
543 4459 690 4523 (Neptuno)
710 4460 737 4508 in
755 4466 866 4525 pontana
880 4459 993 4524 delapsu
1006 4459 1068 4509 huic
1088 4473 1164 4508 sunm
1183 4472 1279 4506 nomen
1298 4455 1382 4504 <touta
1434 4452 1457 4485 ³²
1476 4454 1521 4503 nt-

243 4541 308 4608 hb]
328 4542 418 4594 Plaut.
432 4545 500 4594 llud.
514 4544 559 4593 IV.
573 4541 632 4603 3,ιιι.
669 4543 690 4575 ³³
709 4546 777 4609 ‘Ege
790 4550 881 4594 autem
895 4544 992 4594 miser)
1005 4547 1021 4593 ι’.
1029 4561 1059 4592 ιιι.
1107 4542 1129 4574 ³⁸
1147 4539 1270 4605 isimoth]
1286 4541 1391 4590 ‘Aninio
1404 4538 1522 4588 delicio.’

243 4631 259 4680 i.
266 4646 296 4678 m.
348 4627 370 4657 ³⁸
388 4625 529 4695 εἰκὲχοδα.
549 4629 617 4693 ‘Ego
631 4630 701 4679 enim
715 4630 829 4679 ‹incavi'
842 4635 895 4679 bar.
910 4631 968 4680 aeid.
982 4620 1270 4694 lpus'qoelaatristoplr.
1286 4626 1353 4675 nan.
1368 4623 1425 4672 aru.
1440 4624 1522 4686 (482.)

243 4711 297 4756 ζ’ϊ
317 4712 454 4780 Ilocbstr.]
474 4714 610 4767 cf.vot.1.
623 4731 649 4780 p.
662 4712 719 4763 lll.
735 4729 759 4765 v.
772 4714 813 4762 37.
827 4730 884 4778 sqq.
