3382 5370
375 362 408 411 X.
479 376 772 411 nonrronsrrevnors.
844 376 1182 412 nmrmsvsnvrrenrcvs.
1203 362 1295 426 (nauh
1395 347 1462 418 351

251 551 451 592 messiacus
490 532 521 592 ld
544 539 588 591 est
610 533 749 609 propriis:
779 550 845 591 uam
874 531 930 590 hor.
961 530 1028 591 olim
1051 533 1256 609 providerunt,
1286 540 1318 592 nt
1346 535 1375 592 iu
1405 552 1467 593 rein

188 650 269 693 suam
293 634 430 712 quioquid
453 640 547 703 esset,
570 632 642 711 legis
664 631 729 693 loeo
751 632 908 701 haberent,
943 633 1173 712 imitandumque
1194 634 1240 701 id,
1274 636 1361 695 etiam
1377 634 1468 694 ohno-

188 736 234 795 xie
255 734 413 795 tenendum
436 743 649 814 proponerent:
678 736 732 796 luit
754 737 829 795 enirn
852 742 981 813 tempus,
1007 754 1072 796 eum
1096 735 1174 796 lerro
1196 735 1275 813 leges
1297 738 1332 798 iis
1346 735 1467 804 hcehat;

188 853 259 914 quas
282 838 394 917 iniquas
417 856 481 897 osso
504 839 527 896 si
550 844 620 898 trine
642 837 776 897 homines
798 838 1017 916 cognovissent,
1047 855 1106 897 non
1129 838 1158 899 hi
1180 856 1259 899 nunc
1274 838 1391 900 demum
1407 857 1468 898 mo-

166 944 236 997 stus
257 937 426 1015 inciperent.

250 1060 398 1101 uosrron.
436 1042 521 1119 Atqui
543 1040 617 1112 illos,
641 1051 810 1103 reverenter
825 1041 874 1120 (pri
889 1048 1066 1118 paruerunt,
1090 1041 1183 1102 bonos
1198 1042 1331 1104 homiues
1346 1052 1374 1104 et
1389 1051 1468 1105 reete

188 1140 365 1201 Christianos
387 1143 491 1208 luisse,
514 1160 564 1200 ros
587 1143 735 1220 religionis
757 1144 834 1203 tedio
858 1161 930 1204 nova
954 1143 1048 1204 moliri
1071 1143 1180 1204 dieunt.

249 1264 447 1306 russorsovs.
485 1245 562 1304 Nora
593 1245 730 1306 molimur
757 1263 840 1314 vero,
870 1264 996 1324 qrrorum
1025 1263 1111 1306 omne
1140 1247 1168 1305 in
1197 1247 1254 1307 hoo
1280 1240 1520 1331 lid⁵l⁵¹iffii‚¹‘'l·⁵·

187 1347 315 1407 studium
337 1354 394 1414 ost,
419 1354 450 1406 ut
471 1347 622 1425 antiquum
645 1347 808 1408 reloramus
830 1366 958 1414 moreni,
983 1355 1011 1407 et
1033 1349 1099 1407 vitio
1122 1349 1301 1426 perditorum
1318 1349 1468 1410 hominum

155 1449 405 1510 ttoollahelaetam
429 1448 533 1508 Christi
557 1450 693 1527 pietatem
715 1449 928 1510 instauremus?
951 1451 1039 1509 immo
1062 1467 1135 1510 nora
1152 1449 1311 1511 moliuntur
1326 1451 1389 1529 ipsi,
1413 1469 1467 1510 nos

188 1570 254 1612 erim
277 1550 391 1611 Christo
414 1568 635 1627 permanemus:
663 1549 741 1631 quod
765 1571 851 1631 quiam
875 1551 997 1611 inrisum
1021 1550 1075 1612 illis
1098 1560 1155 1620 est,
1184 1559 1243 1613 tam
1266 1571 1329 1613 esse
1351 1563 1466 1629 gratum

187 1652 254 1713 huie
278 1653 436 1722 eredimus,
460 1655 508 1732 qui
524 1654 632 1714 diutius
647 1672 704 1714 non
722 1652 795 1713 leret
810 1653 985 1714 adulteratas
1000 1653 1055 1714 sihi
1069 1653 1159 1730 leges,
1182 1655 1355 1715 infirmatam
1371 1655 1466 1715 iidem.

250 1775 398 1817 nonrron.
437 1754 520 1825 Querd
537 1765 569 1814 ut
584 1756 620 1815 sit
635 1757 736 1823 etiam,
759 1763 855 1816 tamen
872 1754 986 1815 Christo
1002 1757 1228 1833 permittendum
1244 1758 1332 1825 aiunt,
1356 1765 1387 1816 ut
1402 1775 1466 1817 cor·
1477 1759 1522 1809 §.n

188 1857 278 1934 rigat,
301 1857 357 1917 hoo
380 1858 407 1916 in
431 1856 533 1917 ordine
556 1858 579 1916 si
602 1856 671 1935 quid
694 1858 809 1917 derium
832 1865 883 1918 est.

155 1970 180 2011 ¹³·
250 1979 448 2020 rnenorsovs.
486 1959 522 2019 m
543 1961 761 2036 peruritteruus;
784 1958 835 2019 sed
851 1961 1000 2019 consuerit
1015 1959 1092 2020 Deus
1107 1960 1257 2021 hominum
1280 1951 1287 2022 Ι
1310 1959 1469 2047 ξζξήῖξξὲξξζῖῗ

189 2062 228 2121 uti
251 2062 425 2129 ministerio,
450 2061 563 2138 qrrotios
585 2062 730 2139 punienda
755 2059 897 2121 malorum
921 2061 1030 2122 scelera
1053 2069 1130 2121 sunt.
1175 2080 1229 2121 nos
1257 2064 1384 2141 prompti
1413 2066 1467 2143 ipsi

189 2163 320 2241 qrridem,
344 2164 395 2223 sed
418 2162 493 2222 illius
517 2163 710 2241 proculdubio
734 2164 869 2223 instinctu
892 2164 1051 2224 offerimus.

251 2286 400 2327 nosrron.
439 2265 523 2336 erod
546 2274 574 2325 to
597 2267 715 2326 minimo
738 2265 836 2325 decet:
870 2283 936 2324 narn
960 2264 1170 2325 ecclesiasticos
1192 2266 1285 2326 homi·
1307 2262 1315 2333 Ι
1336 2286 1470 2324 emersus.

188 2385 240 2426 nes
262 2368 405 2444 inspirore
427 2386 512 2427 suum
535 2376 657 2436 statum,
688 2376 716 2427 et
738 2385 842 2427 surore
864 2367 888 2426 si
911 2367 979 2445 quid
1001 2365 1114 2427 laborat
1136 2368 1190 2435 ihi,
1215 2386 1330 2446 mqunrn
1353 2377 1411 2438 ost;
1440 2379 1468 2430 te

154 2467 294 2530 aotaicum
316 2469 359 2529 las
381 2488 439 2528 non
463 2478 506 2530 est
527 2488 608 2530 saera
633 2477 824 2530 eontroetare.
1383 2463 1390 2532 l
1411 2488 1469 2522 niu.

250 2591 450 2633 rnnncrsovs.
488 2572 534 2632 hle
556 2572 672 2651 quidem
696 2571 764 2632 nihil
788 2578 883 2631 moret
906 2590 963 2650 quo
984 2571 1020 2632 ab
1037 2571 1091 2631 illis
1107 2589 1193 2631 voror
1209 2572 1341 2632 nomine:
1364 2591 1463 2651 quam·
1478 2587 1521 2638 §.a

189 2692 274 2752 quam
304 2673 456 2752 alieprnndo
485 2676 628 2734 rationem
657 2683 727 2752 puto
755 2675 879 2734 reddent
907 2675 936 2733 iu
964 2674 1073 2753 parteis
1101 2673 1181 2732 dirisi
1210 2673 1246 2732 nh
1275 2667 1467 2749 lssssfflfflffil'

188 2793 219 2836 so
247 2775 346 2854 populi
375 2776 543 2837 Christiani:
573 2776 656 2837 valde
684 2784 780 2836 autem
810 2777 934 2854 despero
963 2778 1025 2836 lore
1054 2783 1085 2835 nt
1116 2776 1268 2852 inspiciant
1296 2794 1327 2834 se
1355 2776 1400 2835 isti
1424 2774 1466 2835 vel

189 2878 359 2947 emendent,
390 2896 456 2938 oum
484 2878 562 2956 quod
591 2878 629 2937 oh
659 2880 755 2956 priora
784 2877 894 2938 seelera
918 2878 1096 2939 eredendum
1120 2885 1243 2937 estnon
1267 2876 1412 2937 laetorum
1435 2878 1468 2937 iis

154 2987 179 3027 25·
190 2981 311 3057 gratiam
334 2979 479 3039 Christum
503 2981 559 3040 ianr
583 2990 615 3040 ut
636 2988 812 3059 cognoscent
836 2999 882 3050 se,
906 2999 1006 3041 reriun
1029 2981 1121 3055 inagis
1143 2978 1233 3039 rnrdto
1256 2980 1467 3057 permissurum

189 3083 350 3142 noscimus
380 3083 407 3140 in
435 3099 486 3141 sua
516 3084 568 3141 ista
596 3083 798 3160 incogitantia,
828 3083 983 3159 supinitate
1013 3089 1042 3142 et
1071 3082 1248 3141 ‹essentientia
1277 3088 1309 3141 ut
1331 3089 1466 3159 pereur‘rt3

189 3191 250 3244 tum
273 3184 351 3262 eprrud
374 3201 441 3242 raro
464 3184 595 3244 ridemus
618 3182 870 3262 periculosissimis
898 3185 948 3260 (pri
976 3190 1112 3244 tenentur
1142 3183 1267 3252 morhis,
1296 3183 1467 3244 medicinam

189 3284 266 3363 ipsos
288 3285 342 3344 sihi
365 3286 469 3346 lacere.
515 3304 605 3363 quare
634 3287 712 3346 hune
742 3287 846 3363 ornum·
873 3285 996 3345 inditum
1019 3285 1103 3343 nohis
1125 3304 1140 3344 a
1164 3284 1219 3344 doo
1241 3287 1324 3362 spiri·
1348 3281 1355 3350 Ι
1376 3284 1469 3371 ffflffif'

189 3393 265 3454 tum,
295 3395 326 3445 ut
347 3388 390 3446 rei
413 3404 487 3464 pone
510 3387 667 3465 deploratur
690 3388 829 3447 ministris
852 3386 936 3445 rrohis
958 3385 1097 3446 consulat.
1144 3405 1239 3464 neque
1262 3387 1339 3446 enirn
1355 3396 1467 3465 speeta-

154 3498 254 3547 ttmus
276 3488 313 3547 ihi
337 3508 401 3567 queo
423 3496 520 3549 nostra
544 3497 625 3557 sunt,
648 3490 699 3549 sed
721 3508 785 3568 quie
807 3488 927 3557 Christi,
951 3488 1116 3567 qriaerinrus.

251 3612 400 3651 nomnen.
438 3590 492 3650 {hi
516 3594 624 3650 trtinanr
648 3591 752 3660 rideas,
776 3609 832 3669 qua
848 3598 875 3650 te
891 3589 968 3650 ultro
983 3589 1149 3650 dildeultate
1165 3590 1334 3666 impeditum
1350 3590 1465 3652 reddas.
1479 3599 1515 3649 §.s

250 3713 447 3754 rrrnsersors.
487 3692 645 3753 [lilllrultas
667 3702 724 3761 ost,
748 3693 799 3752 sed
823 3691 1003 3752 ohluotahor.
1329 3705 1461 3774 posenni„

251 3815 398 3856 uonrron.
437 3795 472 3854 m
494 3794 655 3872 perieulum
678 3803 730 3855 est.
1329 3810 1467 3878 prefatum.

250 3917 449 3958 rniiunrscvs.
489 3898 688 3974 l'errunrparn.

155 4008 181 4047 ³5¹
253 4020 401 4060 nomnen.
439 3999 587 4077 Sirpridenr
610 4000 703 4076 possis
725 4007 753 4058 et
775 4001 920 4077 integrum
944 3998 998 4058 hoc
1015 3997 1064 4057 tihi
1081 4006 1210 4058 rrraneat:
1234 4016 1300 4058 nam
1316 3999 1385 4059 nrihi
1402 4017 1469 4076 por-

191 4119 313 4179 magnus
336 4102 364 4160 in
387 4119 419 4160 re
443 4108 536 4160 metus
559 4110 610 4160 est.

251 4222 450 4263 rnnxorsors.
488 4202 555 4262 hlilri
585 4221 696 4262 srunma
726 4212 827 4262 routra
855 4202 975 4269 srdueia.
1005 4203 1082 4281 quod
1107 4203 1212 4263 Christi
1241 4221 1324 4264 raus·
1347 4198 1354 4268 Ι
1375 4201 1467 4280 {322252'

189 4322 250 4364 sam
273 4323 319 4364 rno
342 4321 428 4381 agene
451 4306 520 4364 scio.

259 4525 276 4557 ¹¹
297 4542 348 4575 cun
369 4530 390 4575 t.
463 4525 511 4558 ¹³¹⁰
531 4527 591 4575 lriv.
606 4526 636 4574 V.
653 4525 690 4574 ll.
710 4526 853 4591 Nunquam
876 4525 941 4575 deos
965 4528 1038 4591 ipsos
1062 4527 1207 4576 admovere
1231 4527 1394 4577 nocentibus
1413 4543 1468 4577 mn·

192 4627 254 4671 num
279 4613 348 4660 sutis
372 4627 431 4661 esse
456 4615 479 4661 si
504 4613 650 4662 oceusione
674 4610 825 4660 ulciscendi
850 4611 930 4660 laesos
955 4617 1069 4660 ormont.
1124 4611 1144 4643 ¹⁰
1162 4613 1195 4661 ll.
1215 4613 1305 4660 Nost.
1325 4616 1398 4678 quusi
1414 4616 1468 4677 ipse

191 4697 317 4745 llnttonus
335 4698 389 4745 dere
406 4699 510 4746 diceret.
563 4694 584 4727 ²⁶
603 4713 657 4758 ‚ne
676 4698 796 4746 seientes
814 4698 872 4746 edd.
907 4694 929 4728 ³⁰
947 4696 1024 4745 Paul.
1040 4712 1081 4761 ep.
1097 4696 1317 4746 attrutinat.
