<?xml version="1.0" encoding="UTF-8"?>
<!DOCTYPE html PUBLIC "-//W3C//DTD XHTML 1.0 Transitional//EN"
    "http://www.w3.org/TR/xhtml1/DTD/xhtml1-transitional.dtd">
<html xmlns="http://www.w3.org/1999/xhtml" xml:lang="en" lang="en">
 <head>
  <title>
</title>
<meta http-equiv="Content-Type" content="text/html;charset=utf-8" />
  <meta name='ocr-system' content='tesseract 3.04.00' />
  <meta name='ocr-capabilities' content='ocr_page ocr_carea ocr_par ocr_line ocrx_word'/>
</head>
<body>
  <div class='ocr_page' id='page_1' title='image "./ulrichihuttenie09huttgoog_0629.png"; bbox 0 0 3382 5370; ppageno 0'>
   <div class='ocr_carea' id='block_1_1' title="bbox 212 325 1049 397">
    <p class='ocr_par' dir='ltr' id='par_1_1' title="bbox 212 325 1049 397">
     <span class='ocr_line' id='line_1_1' title="bbox 212 325 1049 397; baseline -0.01 0"><span class='ocrx_word' id='word_1_1' title='bbox 212 325 285 397; x_wconf 74' lang='lat'>598</span> <span class='ocrx_word' id='word_1_2' title='bbox 646 355 762 390; x_wconf 71' lang='lat' dir='ltr'>DULOGI</span> <span class='ocrx_word' id='word_1_3' title='bbox 782 355 1049 389; x_wconf 71' lang='lat' dir='ltr'>rsevnottvtrnnrct.</span> 
     </span>
    </p>
   </div>
   <div class='ocr_carea' id='block_1_2' title="bbox 147 512 1548 3828">
    <p class='ocr_par' dir='ltr' id='par_1_2' title="bbox 273 512 1090 590">
     <span class='ocr_line' id='line_1_2' title="bbox 273 512 1090 590; baseline -0.004 -19"><span class='ocrx_word' id='word_1_4' title='bbox 273 515 451 571; x_wconf 86' lang='lat' dir='ltr'>lluttcnus.</span> <span class='ocrx_word' id='word_1_5' title='bbox 488 513 604 590; x_wconf 76' lang='lat' dir='ltr'>Quoquo</span> <span class='ocrx_word' id='word_1_6' title='bbox 626 513 706 570; x_wconf 93' lang='lat' dir='ltr'>modo</span> <span class='ocrx_word' id='word_1_7' title='bbox 728 512 860 575; x_wconf 79' lang='lat' dir='ltr'>volneris,</span> <span class='ocrx_word' id='word_1_8' title='bbox 883 514 962 570; x_wconf 92' lang='lat' dir='ltr'>modo</span> <span class='ocrx_word' id='word_1_9' title='bbox 985 513 1090 570; x_wconf 85' lang='lat' dir='ltr'>leceris.</span> 
     </span>
    </p>

    <p class='ocr_par' dir='ltr' id='par_1_3' title="bbox 274 598 1032 675">
     <span class='ocr_line' id='line_1_3' title="bbox 274 598 1032 675; baseline 0.001 -22"><span class='ocrx_word' id='word_1_10' title='bbox 274 600 423 656; x_wconf 86' lang='lat' dir='ltr'>Veritas.</span> <span class='ocrx_word' id='word_1_11' title='bbox 460 599 590 655; x_wconf 79' lang='lat' dir='ltr'>Facturus</span> <span class='ocrx_word' id='word_1_12' title='bbox 612 617 641 655; x_wconf 92' lang='lat' dir='ltr'>es</span> <span class='ocrx_word' id='word_1_13' title='bbox 664 606 752 654; x_wconf 90' lang='lat' dir='ltr'>autem</span> <span class='ocrx_word' id='word_1_14' title='bbox 776 616 836 672; x_wconf 77' lang='lat' dir='ltr'>qum</span> <span class='ocrx_word' id='word_1_15' title='bbox 859 598 1032 675; x_wconf 63' lang='lat' dir='ltr'>praecipium?</span> 
     </span>
    </p>

    <p class='ocr_par' dir='ltr' id='par_1_4' title="bbox 274 683 682 741">
     <span class='ocr_line' id='line_1_4' title="bbox 274 683 682 741; baseline -0.007 -1"><span class='ocrx_word' id='word_1_16' title='bbox 274 687 453 741; x_wconf 87' lang='lat' dir='ltr'>lluttcnus.</span> <span class='ocrx_word' id='word_1_17' title='bbox 490 685 517 739; x_wconf 86' lang='lat' dir='ltr'>Si</span> <span class='ocrx_word' id='word_1_18' title='bbox 540 683 682 739; x_wconf 87' lang='lat' dir='ltr'>videbitur.</span> 
     </span>
    </p>

    <p class='ocr_par' dir='ltr' id='par_1_5' title="bbox 275 767 874 841">
     <span class='ocr_line' id='line_1_5' title="bbox 275 767 874 841; baseline 0.002 -18"><span class='ocrx_word' id='word_1_19' title='bbox 275 770 426 827; x_wconf 87' lang='lat' dir='ltr'>Veritas.</span> <span class='ocrx_word' id='word_1_20' title='bbox 461 770 534 826; x_wconf 84' lang='lat' dir='ltr'>Pone</span> <span class='ocrx_word' id='word_1_21' title='bbox 556 769 692 825; x_wconf 88' lang='lat' dir='ltr'>thoracem</span> <span class='ocrx_word' id='word_1_22' title='bbox 713 777 741 824; x_wconf 94' lang='lat' dir='ltr'>et</span> <span class='ocrx_word' id='word_1_23' title='bbox 762 767 874 841; x_wconf 82' lang='lat' dir='ltr'>galeam.</span> 
     </span>
    </p>

    <p class='ocr_par' dir='ltr' id='par_1_6' title="bbox 275 853 781 922">
     <span class='ocr_line' id='line_1_6' title="bbox 275 853 781 922; baseline -0.004 -12"><span class='ocrx_word' id='word_1_24' title='bbox 275 854 461 911; x_wconf 87' lang='lat' dir='ltr'>lluttcnus.</span> <span class='ocrx_word' id='word_1_25' title='bbox 497 853 565 922; x_wconf 77' lang='lat' dir='ltr'>Quid</span> <span class='ocrx_word' id='word_1_26' title='bbox 587 853 638 910; x_wconf 93' lang='lat' dir='ltr'>boe</span> <span class='ocrx_word' id='word_1_27' title='bbox 660 853 699 909; x_wconf 90' lang='lat' dir='ltr'>rei</span> <span class='ocrx_word' id='word_1_28' title='bbox 721 856 781 909; x_wconf 78' lang='lat' dir='ltr'>est?</span> 
     </span>
    </p>

    <p class='ocr_par' dir='ltr' id='par_1_7' title="bbox 276 937 1197 1016">
     <span class='ocr_line' id='line_1_7' title="bbox 276 937 1197 1016; baseline 0.001 -21"><span class='ocrx_word' id='word_1_29' title='bbox 276 940 426 996; x_wconf 83' lang='lat' dir='ltr'>Veritas.</span> <span class='ocrx_word' id='word_1_30' title='bbox 462 937 494 994; x_wconf 83' lang='lat' dir='ltr'>Et</span> <span class='ocrx_word' id='word_1_31' title='bbox 516 938 652 994; x_wconf 75' lang='lat' dir='ltr'>baltheum</span> <span class='ocrx_word' id='word_1_32' title='bbox 675 937 788 1002; x_wconf 74' lang='lat' dir='ltr'>solvito:</span> <span class='ocrx_word' id='word_1_33' title='bbox 812 946 855 1002; x_wconf 84' lang='lat' dir='ltr'>tu.</span> <span class='ocrx_word' id='word_1_34' title='bbox 879 957 961 1014; x_wconf 87' lang='lat' dir='ltr'>puer.</span> <span class='ocrx_word' id='word_1_35' title='bbox 984 958 1076 997; x_wconf 88' lang='lat' dir='ltr'>ensem</span> <span class='ocrx_word' id='word_1_36' title='bbox 1099 941 1197 1016; x_wconf 85' lang='lat' dir='ltr'>accipe.</span> 
     </span>
    </p>

    <p class='ocr_par' dir='ltr' id='par_1_8' title="bbox 197 1023 739 1081">
     <span class='ocr_line' id='line_1_8' title="bbox 197 1023 739 1081; baseline -0.006 0"><span class='ocrx_word' id='word_1_37' title='bbox 197 1058 204 1072; x_wconf 90' lang='lat'><strong>·</strong></span> <span class='ocrx_word' id='word_1_38' title='bbox 278 1025 460 1081; x_wconf 88' lang='lat' dir='ltr'>lluttcnus.</span> <span class='ocrx_word' id='word_1_39' title='bbox 492 1023 648 1080; x_wconf 78' lang='lat' dir='ltr'>Exarmatus</span> <span class='ocrx_word' id='word_1_40' title='bbox 670 1041 739 1079; x_wconf 87' lang='lat' dir='ltr'>snm.</span> 
     </span>
    </p>

    <p class='ocr_par' dir='ltr' id='par_1_9' title="bbox 279 1107 1113 1183">
     <span class='ocr_line' id='line_1_9' title="bbox 279 1107 1113 1183; baseline 0.002 -18"><span class='ocrx_word' id='word_1_41' title='bbox 279 1111 425 1167; x_wconf 89' lang='lat' dir='ltr'>Veritas.</span> <span class='ocrx_word' id='word_1_42' title='bbox 461 1107 572 1164; x_wconf 78' lang='lat' dir='ltr'>Meliora</span> <span class='ocrx_word' id='word_1_43' title='bbox 593 1107 745 1183; x_wconf 81' lang='lat' dir='ltr'>praestabo:</span> <span class='ocrx_word' id='word_1_44' title='bbox 769 1108 849 1165; x_wconf 90' lang='lat' dir='ltr'>induc</span> <span class='ocrx_word' id='word_1_45' title='bbox 872 1118 897 1164; x_wconf 88' lang='lat' dir='ltr'>tc</span> <span class='ocrx_word' id='word_1_46' title='bbox 922 1109 1031 1167; x_wconf 88' lang='lat' dir='ltr'>thorace</span> <span class='ocrx_word' id='word_1_47' title='bbox 1054 1111 1113 1167; x_wconf 91' lang='lat' dir='ltr'>buc.</span> 
     </span>
    </p>

    <p class='ocr_par' dir='ltr' id='par_1_10' title="bbox 278 1193 998 1268">
     <span class='ocr_line' id='line_1_10' title="bbox 278 1193 998 1268; baseline 0 -18"><span class='ocrx_word' id='word_1_48' title='bbox 278 1195 462 1252; x_wconf 89' lang='lat' dir='ltr'>lluttcnus.</span> <span class='ocrx_word' id='word_1_49' title='bbox 499 1193 587 1256; x_wconf 84' lang='lat' dir='ltr'>Proh,</span> <span class='ocrx_word' id='word_1_50' title='bbox 611 1210 690 1267; x_wconf 88' lang='lat' dir='ltr'>quam</span> <span class='ocrx_word' id='word_1_51' title='bbox 713 1202 841 1268; x_wconf 84' lang='lat' dir='ltr'>asperet</span> <span class='ocrx_word' id='word_1_52' title='bbox 863 1194 998 1251; x_wconf 78' lang='lat' dir='ltr'>aheneus!</span> 
     </span>
    </p>

    <p class='ocr_par' dir='ltr' id='par_1_11' title="bbox 278 1278 987 1337">
     <span class='ocr_line' id='line_1_11' title="bbox 278 1278 987 1337; baseline -0.001 -2"><span class='ocrx_word' id='word_1_53' title='bbox 278 1281 424 1337; x_wconf 85' lang='lat' dir='ltr'>Veritas.</span> <span class='ocrx_word' id='word_1_54' title='bbox 461 1278 565 1334; x_wconf 90' lang='lat' dir='ltr'>lustitia</span> <span class='ocrx_word' id='word_1_55' title='bbox 588 1287 637 1333; x_wconf 87' lang='lat' dir='ltr'>est.</span> <span class='ocrx_word' id='word_1_56' title='bbox 682 1279 728 1334; x_wconf 90' lang='lat' dir='ltr'>scd</span> <span class='ocrx_word' id='word_1_57' title='bbox 751 1279 827 1335; x_wconf 88' lang='lat' dir='ltr'>llcctc</span> <span class='ocrx_word' id='word_1_58' title='bbox 849 1279 987 1336; x_wconf 87' lang='lat' dir='ltr'>cervicem.</span> 
     </span>
    </p>

    <p class='ocr_par' dir='ltr' id='par_1_12' title="bbox 277 1362 1215 1440">
     <span class='ocr_line' id='line_1_12' title="bbox 277 1362 1215 1440; baseline 0 -19"><span class='ocrx_word' id='word_1_59' title='bbox 277 1366 457 1421; x_wconf 90' lang='lat' dir='ltr'>lluttcnus.</span> <span class='ocrx_word' id='word_1_60' title='bbox 495 1362 633 1419; x_wconf 91' lang='lat' dir='ltr'>lnduerem</span> <span class='ocrx_word' id='word_1_61' title='bbox 656 1381 707 1437; x_wconf 79' lang='lat' dir='ltr'>ego</span> <span class='ocrx_word' id='word_1_62' title='bbox 730 1381 821 1422; x_wconf 84' lang='lat' dir='ltr'>revera</span> <span class='ocrx_word' id='word_1_63' title='bbox 846 1365 897 1420; x_wconf 88' lang='lat' dir='ltr'>trin</span> <span class='ocrx_word' id='word_1_64' title='bbox 918 1366 1005 1440; x_wconf 88' lang='lat' dir='ltr'>capita</span> <span class='ocrx_word' id='word_1_65' title='bbox 1028 1365 1121 1440; x_wconf 81' lang='lat' dir='ltr'>galero</span> <span class='ocrx_word' id='word_1_66' title='bbox 1144 1366 1215 1423; x_wconf 88' lang='lat' dir='ltr'>huic.</span> 
     </span>
    </p>

    <p class='ocr_par' dir='ltr' id='par_1_13' title="bbox 279 1447 736 1508">
     <span class='ocr_line' id='line_1_13' title="bbox 279 1447 736 1508; baseline -0.002 -5"><span class='ocrx_word' id='word_1_67' title='bbox 279 1450 428 1508; x_wconf 90' lang='lat' dir='ltr'>l&#39;eritas.</span> <span class='ocrx_word' id='word_1_68' title='bbox 465 1447 543 1504; x_wconf 86' lang='lat' dir='ltr'>Salus</span> <span class='ocrx_word' id='word_1_69' title='bbox 564 1448 662 1504; x_wconf 77' lang='lat' dir='ltr'>Christi</span> <span class='ocrx_word' id='word_1_70' title='bbox 686 1457 736 1504; x_wconf 88' lang='lat' dir='ltr'>est.</span> 
     </span>
    </p>

    <p class='ocr_par' dir='ltr' id='par_1_14' title="bbox 276 1533 1022 1608">
     <span class='ocr_line' id='line_1_14' title="bbox 276 1533 1022 1608; baseline -0.001 -16"><span class='ocrx_word' id='word_1_71' title='bbox 276 1536 459 1592; x_wconf 85' lang='lat' dir='ltr'>lluttcnus.</span> <span class='ocrx_word' id='word_1_72' title='bbox 496 1533 621 1589; x_wconf 84' lang='lat' dir='ltr'>baltheus</span> <span class='ocrx_word' id='word_1_73' title='bbox 643 1551 706 1589; x_wconf 85' lang='lat' dir='ltr'>vero</span> <span class='ocrx_word' id='word_1_74' title='bbox 728 1533 856 1590; x_wconf 89' lang='lat' dir='ltr'>candidus</span> <span class='ocrx_word' id='word_1_75' title='bbox 879 1535 941 1608; x_wconf 94' lang='lat' dir='ltr'>quid</span> <span class='ocrx_word' id='word_1_76' title='bbox 964 1540 1022 1591; x_wconf 74' lang='lat' dir='ltr'>cst?</span> 
     </span>
    </p>

    <p class='ocr_par' dir='ltr' id='par_1_15' title="bbox 276 1618 1232 1692">
     <span class='ocr_line' id='line_1_15' title="bbox 276 1618 1232 1692; baseline 0.003 -19"><span class='ocrx_word' id='word_1_77' title='bbox 276 1620 420 1676; x_wconf 84' lang='lat' dir='ltr'>Veritas.</span> <span class='ocrx_word' id='word_1_78' title='bbox 459 1618 562 1674; x_wconf 90' lang='lat' dir='ltr'>Veritas</span> <span class='ocrx_word' id='word_1_79' title='bbox 584 1618 781 1692; x_wconf 81' lang='lat' dir='ltr'>syncerissima.</span> <span class='ocrx_word' id='word_1_80' title='bbox 826 1636 896 1676; x_wconf 92' lang='lat' dir='ltr'>nuuc</span> <span class='ocrx_word' id='word_1_81' title='bbox 918 1629 1023 1676; x_wconf 91' lang='lat' dir='ltr'>scutum</span> <span class='ocrx_word' id='word_1_82' title='bbox 1048 1621 1140 1678; x_wconf 88' lang='lat' dir='ltr'>obdito</span> <span class='ocrx_word' id='word_1_83' title='bbox 1164 1622 1232 1678; x_wconf 88' lang='lat' dir='ltr'>lidei.</span> 
     </span>
    </p>

    <p class='ocr_par' dir='ltr' id='par_1_16' title="bbox 278 1701 869 1776">
     <span class='ocr_line' id='line_1_16' title="bbox 278 1701 869 1776; baseline -0.003 -15"><span class='ocrx_word' id='word_1_84' title='bbox 278 1705 459 1769; x_wconf 89' lang='lat' dir='ltr'>lluttcnus.</span> <span class='ocrx_word' id='word_1_85' title='bbox 495 1702 563 1759; x_wconf 82' lang='lat' dir='ltr'>llum</span> <span class='ocrx_word' id='word_1_86' title='bbox 586 1712 613 1759; x_wconf 90' lang='lat' dir='ltr'>et</span> <span class='ocrx_word' id='word_1_87' title='bbox 635 1701 753 1776; x_wconf 77' lang='lat' dir='ltr'>gladium</span> <span class='ocrx_word' id='word_1_88' title='bbox 774 1703 869 1760; x_wconf 75' lang='lat' dir='ltr'>dabis?</span> 
     </span>
    </p>

    <p class='ocr_par' dir='ltr' id='par_1_17' title="bbox 278 1787 1019 1849">
     <span class='ocr_line' id='line_1_17' title="bbox 278 1787 1019 1849; baseline 0.003 -6"><span class='ocrx_word' id='word_1_89' title='bbox 278 1791 424 1846; x_wconf 85' lang='lat' dir='ltr'>Veritus.</span> <span class='ocrx_word' id='word_1_90' title='bbox 462 1787 668 1849; x_wconf 75' lang='lat' dir='ltr'>lentissimum,</span> <span class='ocrx_word' id='word_1_91' title='bbox 691 1787 800 1844; x_wconf 87' lang='lat' dir='ltr'>verbum</span> <span class='ocrx_word' id='word_1_92' title='bbox 823 1789 946 1846; x_wconf 75' lang='lat' dir='ltr'>videlicut</span> <span class='ocrx_word' id='word_1_93' title='bbox 967 1790 1019 1845; x_wconf 83' lang='lat' dir='ltr'>dci.</span> 
     </span>
    </p>

    <p class='ocr_par' dir='ltr' id='par_1_18' title="bbox 281 1872 907 1940">
     <span class='ocr_line' id='line_1_18' title="bbox 281 1872 907 1940; baseline -0.003 -9"><span class='ocrx_word' id='word_1_94' title='bbox 281 1875 465 1931; x_wconf 88' lang='lat' dir='ltr'>lluttcnus.</span> <span class='ocrx_word' id='word_1_95' title='bbox 502 1872 585 1940; x_wconf 81' lang='lat' dir='ltr'>Quam</span> <span class='ocrx_word' id='word_1_96' title='bbox 609 1872 675 1929; x_wconf 86' lang='lat' dir='ltr'>bene</span> <span class='ocrx_word' id='word_1_97' title='bbox 698 1881 817 1929; x_wconf 86' lang='lat' dir='ltr'>arruatus</span> <span class='ocrx_word' id='word_1_98' title='bbox 840 1891 907 1929; x_wconf 81' lang='lat' dir='ltr'>suni.</span> 
     </span>
    </p>

    <p class='ocr_par' dir='ltr' id='par_1_19' title="bbox 200 1958 682 2016">
     <span class='ocr_line' id='line_1_19' title="bbox 200 1958 682 2016; baseline -0.002 -2"><span class='ocrx_word' id='word_1_99' title='bbox 200 1993 207 2006; x_wconf 83' lang='lat'><strong>·</strong></span> <span class='ocrx_word' id='word_1_100' title='bbox 280 1960 427 2016; x_wconf 87' lang='lat' dir='ltr'>Veritas.</span> <span class='ocrx_word' id='word_1_101' title='bbox 463 1958 581 2014; x_wconf 91' lang='lat' dir='ltr'>lnceditu</span> <span class='ocrx_word' id='word_1_102' title='bbox 604 1975 682 2015; x_wconf 92' lang='lat' dir='ltr'>nnnc.</span> 
     </span>
    </p>

    <p class='ocr_par' dir='ltr' id='par_1_20' title="bbox 279 2043 1419 2121">
     <span class='ocr_line' id='line_1_20' title="bbox 279 2043 1419 2121; baseline 0.004 -20"><span class='ocrx_word' id='word_1_103' title='bbox 279 2046 464 2101; x_wconf 86' lang='lat' dir='ltr'>lluttcnus.</span> <span class='ocrx_word' id='word_1_104' title='bbox 502 2043 572 2106; x_wconf 84' lang='lat' dir='ltr'>Ohe,</span> <span class='ocrx_word' id='word_1_105' title='bbox 595 2061 674 2116; x_wconf 92' lang='lat' dir='ltr'>quam</span> <span class='ocrx_word' id='word_1_106' title='bbox 697 2060 739 2099; x_wconf 91' lang='lat' dir='ltr'>me</span> <span class='ocrx_word' id='word_1_107' title='bbox 762 2043 859 2117; x_wconf 81' lang='lat' dir='ltr'>premit</span> <span class='ocrx_word' id='word_1_108' title='bbox 882 2043 977 2101; x_wconf 83' lang='lat' dir='ltr'>thorax</span> <span class='ocrx_word' id='word_1_109' title='bbox 999 2045 1068 2102; x_wconf 90' lang='lat' dir='ltr'>eirca</span> <span class='ocrx_word' id='word_1_110' title='bbox 1091 2046 1237 2121; x_wconf 82' lang='lat' dir='ltr'>crepundia</span> <span class='ocrx_word' id='word_1_111' title='bbox 1259 2054 1287 2102; x_wconf 89' lang='lat' dir='ltr'>et</span> <span class='ocrx_word' id='word_1_112' title='bbox 1309 2058 1419 2106; x_wconf 83' lang='lat' dir='ltr'>costas.</span> 
     </span>
    </p>

    <p class='ocr_par' dir='ltr' id='par_1_21' title="bbox 280 2126 1548 2201">
     <span class='ocr_line' id='line_1_21' title="bbox 280 2126 1548 2201; baseline 0 -19"><span class='ocrx_word' id='word_1_113' title='bbox 280 2130 426 2186; x_wconf 87' lang='lat' dir='ltr'>Veritas.</span> <span class='ocrx_word' id='word_1_114' title='bbox 462 2126 611 2201; x_wconf 77' lang='lat' dir='ltr'>digladiarc</span> <span class='ocrx_word' id='word_1_115' title='bbox 633 2127 774 2185; x_wconf 90' lang='lat' dir='ltr'>modicum.</span> <span class='ocrx_word' id='word_1_116' title='bbox 1520 2151 1548 2190; x_wconf 66' lang='grc' dir='ltr'><em>ῃ</em></span> 
     </span>
    </p>

    <p class='ocr_par' dir='ltr' id='par_1_22' title="bbox 279 2212 1014 2288">
     <span class='ocr_line' id='line_1_22' title="bbox 279 2212 1014 2288; baseline -0.001 -18"><span class='ocrx_word' id='word_1_117' title='bbox 279 2215 463 2271; x_wconf 88' lang='lat' dir='ltr'>lluttcnus.</span> <span class='ocrx_word' id='word_1_118' title='bbox 500 2212 610 2269; x_wconf 85' lang='lat' dir='ltr'>bilheile</span> <span class='ocrx_word' id='word_1_119' title='bbox 633 2220 748 2270; x_wconf 86' lang='lat' dir='ltr'>tractatu</span> <span class='ocrx_word' id='word_1_120' title='bbox 771 2222 812 2270; x_wconf 91' lang='lat' dir='ltr'>est</span> <span class='ocrx_word' id='word_1_121' title='bbox 836 2214 878 2271; x_wconf 88' lang='lat' dir='ltr'>hic</span> <span class='ocrx_word' id='word_1_122' title='bbox 899 2213 1014 2288; x_wconf 81' lang='lat' dir='ltr'>gladius.</span> 
     </span>
    </p>

    <p class='ocr_par' dir='ltr' id='par_1_23' title="bbox 216 2297 1511 2447">
     <span class='ocr_line' id='line_1_23' title="bbox 280 2297 1511 2379; baseline 0.009 -27"><span class='ocrx_word' id='word_1_123' title='bbox 280 2298 426 2356; x_wconf 90' lang='lat' dir='ltr'>l&#39;eritas.</span> <span class='ocrx_word' id='word_1_124' title='bbox 463 2299 555 2372; x_wconf 78' lang='lat' dir='ltr'>Longe</span> <span class='ocrx_word' id='word_1_125' title='bbox 577 2297 657 2354; x_wconf 88' lang='lat' dir='ltr'>aliter</span> <span class='ocrx_word' id='word_1_126' title='bbox 678 2315 711 2354; x_wconf 88' lang='lat' dir='ltr'>eo</span> <span class='ocrx_word' id='word_1_127' title='bbox 732 2298 859 2355; x_wconf 89' lang='lat' dir='ltr'>utendum</span> <span class='ocrx_word' id='word_1_128' title='bbox 882 2317 961 2374; x_wconf 87' lang='lat' dir='ltr'>quam</span> <span class='ocrx_word' id='word_1_129' title='bbox 984 2299 1156 2374; x_wconf 68' lang='lat' dir='ltr'>eloquentiae.</span> <span class='ocrx_word' id='word_1_130' title='bbox 1190 2301 1235 2357; x_wconf 93' lang='lat' dir='ltr'>sed</span> <span class='ocrx_word' id='word_1_131' title='bbox 1258 2304 1444 2379; x_wconf 87' lang='lat' dir='ltr'>promptulus</span> <span class='ocrx_word' id='word_1_132' title='bbox 1468 2325 1511 2369; x_wconf 86' lang='lat' dir='ltr'>es.</span> 
     </span>
     <span class='ocr_line' id='line_1_24' title="bbox 216 2382 602 2447; baseline -0.008 -6"><span class='ocrx_word' id='word_1_133' title='bbox 216 2396 246 2442; x_wconf 92' lang='lat' dir='ltr'>ut</span> <span class='ocrx_word' id='word_1_134' title='bbox 269 2385 358 2447; x_wconf 84' lang='lat' dir='ltr'>rideo,</span> <span class='ocrx_word' id='word_1_135' title='bbox 381 2392 409 2440; x_wconf 90' lang='lat' dir='ltr'>et</span> <span class='ocrx_word' id='word_1_136' title='bbox 431 2382 602 2440; x_wconf 78' lang='lat' dir='ltr'>arnbidexter.</span> 
     </span>
    </p>

    <p class='ocr_par' dir='ltr' id='par_1_24' title="bbox 147 2467 1545 3141">
     <span class='ocr_line' id='line_1_25' title="bbox 147 2467 1417 2549; baseline 0.005 -23"><span class='ocrx_word' id='word_1_137' title='bbox 147 2471 205 2520; x_wconf 71' lang='lat' dir='ltr'>§.ts</span> <span class='ocrx_word' id='word_1_138' title='bbox 280 2470 463 2526; x_wconf 89' lang='lat' dir='ltr'>lluttcnus.</span> <span class='ocrx_word' id='word_1_139' title='bbox 502 2467 553 2523; x_wconf 86' lang='lat' dir='ltr'>lam</span> <span class='ocrx_word' id='word_1_140' title='bbox 577 2468 661 2542; x_wconf 77' lang='lat' dir='ltr'>igitur</span> <span class='ocrx_word' id='word_1_141' title='bbox 683 2469 748 2525; x_wconf 87' lang='lat' dir='ltr'>satis</span> <span class='ocrx_word' id='word_1_142' title='bbox 770 2469 949 2543; x_wconf 77' lang='lat' dir='ltr'>praemunitus</span> <span class='ocrx_word' id='word_1_143' title='bbox 971 2487 1044 2532; x_wconf 85' lang='lat' dir='ltr'>sum,</span> <span class='ocrx_word' id='word_1_144' title='bbox 1068 2488 1102 2526; x_wconf 92' lang='lat' dir='ltr'>nc</span> <span class='ocrx_word' id='word_1_145' title='bbox 1125 2471 1188 2527; x_wconf 91' lang='lat' dir='ltr'>mihi</span> <span class='ocrx_word' id='word_1_146' title='bbox 1212 2481 1308 2529; x_wconf 89' lang='lat' dir='ltr'>noceat</span> <span class='ocrx_word' id='word_1_147' title='bbox 1331 2475 1417 2549; x_wconf 84' lang='lat' dir='ltr'>quis?</span> 
     </span>
     <span class='ocr_line' id='line_1_26' title="bbox 279 2553 1544 2630; baseline 0.003 -21"><span class='ocrx_word' id='word_1_148' title='bbox 279 2555 425 2611; x_wconf 86' lang='lat' dir='ltr'>l&#39;critas.</span> <span class='ocrx_word' id='word_1_149' title='bbox 461 2553 591 2609; x_wconf 86' lang='lat' dir='ltr'>Necdum:</span> <span class='ocrx_word' id='word_1_150' title='bbox 622 2571 680 2609; x_wconf 88' lang='lat' dir='ltr'>nam</span> <span class='ocrx_word' id='word_1_151' title='bbox 708 2563 736 2610; x_wconf 93' lang='lat' dir='ltr'>et</span> <span class='ocrx_word' id='word_1_152' title='bbox 763 2553 928 2611; x_wconf 75' lang='lat' dir='ltr'>observanda</span> <span class='ocrx_word' id='word_1_153' title='bbox 955 2564 1036 2610; x_wconf 92' lang='lat' dir='ltr'>eruut</span> <span class='ocrx_word' id='word_1_154' title='bbox 1063 2555 1161 2630; x_wconf 85' lang='lat' dir='ltr'>aliqua.</span> <span class='ocrx_word' id='word_1_155' title='bbox 1205 2575 1316 2614; x_wconf 74' lang='lat' dir='ltr'>uxorem</span> <span class='ocrx_word' id='word_1_156' title='bbox 1340 2576 1397 2616; x_wconf 93' lang='lat' dir='ltr'>non</span> <span class='ocrx_word' id='word_1_157' title='bbox 1422 2575 1544 2619; x_wconf 73' lang='lat' dir='ltr'>eura-as</span> 
     </span>
     <span class='ocr_line' id='line_1_27' title="bbox 216 2638 1513 2722; baseline 0.006 -26"><span class='ocrx_word' id='word_1_158' title='bbox 216 2642 271 2704; x_wconf 88' lang='lat' dir='ltr'>bis,</span> <span class='ocrx_word' id='word_1_159' title='bbox 295 2658 349 2696; x_wconf 93' lang='lat' dir='ltr'>non</span> <span class='ocrx_word' id='word_1_160' title='bbox 372 2638 488 2701; x_wconf 89' lang='lat' dir='ltr'>liberos,</span> <span class='ocrx_word' id='word_1_161' title='bbox 512 2655 566 2694; x_wconf 93' lang='lat' dir='ltr'>non</span> <span class='ocrx_word' id='word_1_162' title='bbox 589 2656 696 2701; x_wconf 87' lang='lat' dir='ltr'>aurum,</span> <span class='ocrx_word' id='word_1_163' title='bbox 720 2639 765 2694; x_wconf 88' lang='lat' dir='ltr'>sed</span> <span class='ocrx_word' id='word_1_164' title='bbox 790 2639 878 2695; x_wconf 89' lang='lat' dir='ltr'>onmia</span> <span class='ocrx_word' id='word_1_165' title='bbox 902 2640 1108 2714; x_wconf 72' lang='lat' dir='ltr'>hocnunquam</span> <span class='ocrx_word' id='word_1_166' title='bbox 1131 2659 1218 2715; x_wconf 80' lang='lat' dir='ltr'>nugas</span> <span class='ocrx_word' id='word_1_167' title='bbox 1240 2644 1428 2709; x_wconf 76' lang='lat' dir='ltr'>existimabis:</span> <span class='ocrx_word' id='word_1_168' title='bbox 1461 2666 1513 2722; x_wconf 89' lang='lat' dir='ltr'>pa·</span> 
     </span>
     <span class='ocr_line' id='line_1_28' title="bbox 204 2722 1513 2806; baseline 0.005 -25"><span class='ocrx_word' id='word_1_169' title='bbox 204 2727 294 2783; x_wconf 81' lang='lat' dir='ltr'>triam</span> <span class='ocrx_word' id='word_1_170' title='bbox 317 2742 379 2781; x_wconf 88' lang='lat' dir='ltr'>voro</span> <span class='ocrx_word' id='word_1_171' title='bbox 402 2722 517 2787; x_wconf 76' lang='lat' dir='ltr'>minabis:</span> <span class='ocrx_word' id='word_1_172' title='bbox 546 2741 625 2796; x_wconf 77' lang='lat' dir='ltr'>squam</span> <span class='ocrx_word' id='word_1_173' title='bbox 648 2732 678 2779; x_wconf 94' lang='lat' dir='ltr'>ut</span> <span class='ocrx_word' id='word_1_174' title='bbox 700 2723 819 2779; x_wconf 87' lang='lat' dir='ltr'>libertati</span> <span class='ocrx_word' id='word_1_175' title='bbox 841 2724 938 2786; x_wconf 80' lang='lat' dir='ltr'>dones,</span> <span class='ocrx_word' id='word_1_176' title='bbox 962 2724 1099 2798; x_wconf 78' lang='lat' dir='ltr'>relinques</span> <span class='ocrx_word' id='word_1_177' title='bbox 1121 2735 1260 2801; x_wconf 85' lang='lat' dir='ltr'>paternam</span> <span class='ocrx_word' id='word_1_178' title='bbox 1283 2728 1412 2794; x_wconf 86' lang='lat' dir='ltr'>domurn,</span> <span class='ocrx_word' id='word_1_179' title='bbox 1444 2750 1513 2806; x_wconf 89' lang='lat' dir='ltr'>spe·</span> 
     </span>
     <span class='ocr_line' id='line_1_29' title="bbox 215 2807 1513 2891; baseline 0.005 -24"><span class='ocrx_word' id='word_1_180' title='bbox 215 2811 300 2867; x_wconf 85' lang='lat' dir='ltr'>culam</span> <span class='ocrx_word' id='word_1_181' title='bbox 324 2808 440 2883; x_wconf 89' lang='lat' dir='ltr'>aliquam</span> <span class='ocrx_word' id='word_1_182' title='bbox 463 2807 624 2864; x_wconf 87' lang='lat' dir='ltr'>inhabitabis</span> <span class='ocrx_word' id='word_1_183' title='bbox 645 2817 692 2864; x_wconf 87' lang='lat' dir='ltr'>aut</span> <span class='ocrx_word' id='word_1_184' title='bbox 712 2807 846 2865; x_wconf 89' lang='lat' dir='ltr'>desertam</span> <span class='ocrx_word' id='word_1_185' title='bbox 869 2809 974 2864; x_wconf 86' lang='lat' dir='ltr'>turrim.</span> <span class='ocrx_word' id='word_1_186' title='bbox 1018 2809 1104 2867; x_wconf 87' lang='lat' dir='ltr'>libros</span> <span class='ocrx_word' id='word_1_187' title='bbox 1134 2810 1182 2866; x_wconf 93' lang='lat' dir='ltr'>tibi</span> <span class='ocrx_word' id='word_1_188' title='bbox 1212 2813 1385 2887; x_wconf 83' lang='lat' dir='ltr'>comparabis</span> <span class='ocrx_word' id='word_1_189' title='bbox 1408 2834 1513 2891; x_wconf 88' lang='lat' dir='ltr'>quam·</span> 
     </span>
     <span class='ocr_line' id='line_1_30' title="bbox 219 2893 1511 2973; baseline 0.009 -24"><span class='ocrx_word' id='word_1_190' title='bbox 219 2895 325 2969; x_wconf 85' lang='lat' dir='ltr'>plures.</span> <span class='ocrx_word' id='word_1_191' title='bbox 355 2903 383 2951; x_wconf 88' lang='lat' dir='ltr'>et</span> <span class='ocrx_word' id='word_1_192' title='bbox 411 2894 461 2949; x_wconf 92' lang='lat' dir='ltr'>hos</span> <span class='ocrx_word' id='word_1_193' title='bbox 484 2893 616 2967; x_wconf 84' lang='lat' dir='ltr'>optimos,</span> <span class='ocrx_word' id='word_1_194' title='bbox 647 2900 703 2950; x_wconf 90' lang='lat' dir='ltr'>tum</span> <span class='ocrx_word' id='word_1_195' title='bbox 725 2893 824 2949; x_wconf 81' lang='lat' dir='ltr'>Christi</span> <span class='ocrx_word' id='word_1_196' title='bbox 852 2894 1018 2968; x_wconf 80' lang='lat' dir='ltr'>evarrgelium</span> <span class='ocrx_word' id='word_1_197' title='bbox 1047 2896 1199 2970; x_wconf 75' lang='lat' dir='ltr'>precipue;</span> <span class='ocrx_word' id='word_1_198' title='bbox 1222 2905 1250 2953; x_wconf 92' lang='lat' dir='ltr'>et</span> <span class='ocrx_word' id='word_1_199' title='bbox 1279 2898 1302 2954; x_wconf 88' lang='lat' dir='ltr'>si</span> <span class='ocrx_word' id='word_1_200' title='bbox 1332 2901 1399 2973; x_wconf 91' lang='lat' dir='ltr'>quis</span> <span class='ocrx_word' id='word_1_201' title='bbox 1431 2901 1511 2960; x_wconf 85' lang='lat' dir='ltr'>ultra</span> 
     </span>
     <span class='ocr_line' id='line_1_31' title="bbox 220 2978 1545 3055; baseline 0.004 -20"><span class='ocrx_word' id='word_1_202' title='bbox 220 2989 245 3036; x_wconf 91' lang='lat' dir='ltr'>te</span> <span class='ocrx_word' id='word_1_203' title='bbox 269 2978 461 3055; x_wconf 81' lang='lat' dir='ltr'>proscripserit</span> <span class='ocrx_word' id='word_1_204' title='bbox 484 2978 522 3034; x_wconf 81' lang='lat' dir='ltr'>ael</span> <span class='ocrx_word' id='word_1_205' title='bbox 545 2978 722 3041; x_wconf 86' lang='lat' dir='ltr'>danmaverit,</span> <span class='ocrx_word' id='word_1_206' title='bbox 745 2978 852 3035; x_wconf 87' lang='lat' dir='ltr'>minime</span> <span class='ocrx_word' id='word_1_207' title='bbox 876 2980 947 3035; x_wconf 81' lang='lat' dir='ltr'>[eres</span> <span class='ocrx_word' id='word_1_208' title='bbox 969 2979 1072 3037; x_wconf 86' lang='lat' dir='ltr'>acerbe.</span> <span class='ocrx_word' id='word_1_209' title='bbox 1519 3000 1545 3040; x_wconf 81' lang='lat' dir='ltr'>ao</span> 
     </span>
     <span class='ocr_line' id='line_1_32' title="bbox 148 3062 1223 3141; baseline 0.002 -21"><span class='ocrx_word' id='word_1_210' title='bbox 148 3069 207 3120; x_wconf 68' lang='lat' dir='ltr'>tlt.</span> <span class='ocrx_word' id='word_1_211' title='bbox 281 3065 467 3121; x_wconf 85' lang='lat' dir='ltr'>lluttcnus.</span> <span class='ocrx_word' id='word_1_212' title='bbox 505 3063 538 3120; x_wconf 91' lang='lat' dir='ltr'>Ut</span> <span class='ocrx_word' id='word_1_213' title='bbox 559 3062 649 3126; x_wconf 83' lang='lat' dir='ltr'>video,</span> <span class='ocrx_word' id='word_1_214' title='bbox 674 3063 794 3120; x_wconf 85' lang='lat' dir='ltr'>Stoicum</span> <span class='ocrx_word' id='word_1_215' title='bbox 815 3081 858 3120; x_wconf 86' lang='lat' dir='ltr'>rue</span> <span class='ocrx_word' id='word_1_216' title='bbox 881 3064 1001 3121; x_wconf 89' lang='lat' dir='ltr'>instituis</span> <span class='ocrx_word' id='word_1_217' title='bbox 1022 3065 1223 3141; x_wconf 89' lang='lat' dir='ltr'>philosophum.</span> 
     </span>
    </p>

    <p class='ocr_par' dir='ltr' id='par_1_25' title="bbox 281 3147 1278 3223">
     <span class='ocr_line' id='line_1_33' title="bbox 281 3147 1278 3223; baseline 0.005 -20"><span class='ocrx_word' id='word_1_218' title='bbox 281 3149 431 3206; x_wconf 87' lang='lat' dir='ltr'>Veritas.</span> <span class='ocrx_word' id='word_1_219' title='bbox 468 3147 660 3222; x_wconf 82' lang='lat' dir='ltr'>Philosophum</span> <span class='ocrx_word' id='word_1_220' title='bbox 683 3166 865 3223; x_wconf 85' lang='lat' dir='ltr'>nequaquam,</span> <span class='ocrx_word' id='word_1_221' title='bbox 888 3150 935 3206; x_wconf 89' lang='lat' dir='ltr'>sed</span> <span class='ocrx_word' id='word_1_222' title='bbox 957 3150 1134 3207; x_wconf 85' lang='lat' dir='ltr'>christianum</span> <span class='ocrx_word' id='word_1_223' title='bbox 1157 3150 1278 3209; x_wconf 86' lang='lat' dir='ltr'>militem.</span> 
     </span>
    </p>

    <p class='ocr_par' dir='ltr' id='par_1_26' title="bbox 216 3233 1508 3395">
     <span class='ocr_line' id='line_1_34' title="bbox 281 3233 1508 3312; baseline 0.005 -21"><span class='ocrx_word' id='word_1_224' title='bbox 281 3236 457 3292; x_wconf 85' lang='lat' dir='ltr'>lluttcnus.</span> <span class='ocrx_word' id='word_1_225' title='bbox 494 3235 528 3289; x_wconf 81' lang='lat' dir='ltr'>ht</span> <span class='ocrx_word' id='word_1_226' title='bbox 550 3250 604 3289; x_wconf 92' lang='lat' dir='ltr'>nou</span> <span class='ocrx_word' id='word_1_227' title='bbox 627 3233 663 3290; x_wconf 86' lang='lat' dir='ltr'>ita</span> <span class='ocrx_word' id='word_1_228' title='bbox 685 3252 752 3291; x_wconf 90' lang='lat' dir='ltr'>suos</span> <span class='ocrx_word' id='word_1_229' title='bbox 773 3252 861 3310; x_wconf 90' lang='lat' dir='ltr'>nuper</span> <span class='ocrx_word' id='word_1_230' title='bbox 882 3234 1021 3310; x_wconf 81' lang='lat' dir='ltr'>insignivit</span> <span class='ocrx_word' id='word_1_231' title='bbox 1042 3235 1154 3293; x_wconf 82' lang='lat' dir='ltr'>Carolus</span> <span class='ocrx_word' id='word_1_232' title='bbox 1176 3238 1326 3312; x_wconf 87' lang='lat' dir='ltr'>lmperator</span> <span class='ocrx_word' id='word_1_233' title='bbox 1355 3243 1508 3306; x_wconf 79' lang='lat' dir='ltr'>maxianus,</span> 
     </span>
     <span class='ocr_line' id='line_1_35' title="bbox 216 3317 668 3395; baseline -0.009 -18"><span class='ocrx_word' id='word_1_234' title='bbox 216 3339 277 3378; x_wconf 82' lang='lat' dir='ltr'>curn</span> <span class='ocrx_word' id='word_1_235' title='bbox 299 3319 384 3395; x_wconf 87' lang='lat' dir='ltr'>potiri</span> <span class='ocrx_word' id='word_1_236' title='bbox 405 3327 524 3394; x_wconf 78' lang='lat' dir='ltr'>creperet</span> <span class='ocrx_word' id='word_1_237' title='bbox 546 3317 668 3394; x_wconf 89' lang='lat' dir='ltr'>imperio.</span> 
     </span>
    </p>

    <p class='ocr_par' dir='ltr' id='par_1_27' title="bbox 217 3402 1544 3632">
     <span class='ocr_line' id='line_1_36' title="bbox 280 3402 1544 3478; baseline 0.007 -21"><span class='ocrx_word' id='word_1_238' title='bbox 280 3405 427 3461; x_wconf 86' lang='lat' dir='ltr'>Veritas.</span> <span class='ocrx_word' id='word_1_239' title='bbox 465 3403 485 3459; x_wconf 91' lang='lat' dir='ltr'>li</span> <span class='ocrx_word' id='word_1_240' title='bbox 507 3402 599 3478; x_wconf 88' lang='lat' dir='ltr'>quales</span> <span class='ocrx_word' id='word_1_241' title='bbox 622 3402 715 3476; x_wconf 91' lang='lat' dir='ltr'>quales</span> <span class='ocrx_word' id='word_1_242' title='bbox 738 3405 806 3467; x_wconf 88' lang='lat' dir='ltr'>sint,</span> <span class='ocrx_word' id='word_1_243' title='bbox 831 3404 897 3460; x_wconf 90' lang='lat' dir='ltr'>nibil</span> <span class='ocrx_word' id='word_1_244' title='bbox 919 3422 976 3460; x_wconf 90' lang='lat' dir='ltr'>mea</span> <span class='ocrx_word' id='word_1_245' title='bbox 998 3404 1127 3469; x_wconf 85' lang='lat' dir='ltr'>interest;</span> <span class='ocrx_word' id='word_1_246' title='bbox 1150 3407 1294 3464; x_wconf 75' lang='lat' dir='ltr'>Christiani</span> <span class='ocrx_word' id='word_1_247' title='bbox 1310 3409 1409 3466; x_wconf 90' lang='lat' dir='ltr'>militis</span> <span class='ocrx_word' id='word_1_248' title='bbox 1428 3425 1544 3472; x_wconf 70' lang='lat' dir='ltr'>arnicas</span> 
     </span>
     <span class='ocr_line' id='line_1_37' title="bbox 217 3488 1509 3568; baseline 0.01 -24"><span class='ocrx_word' id='word_1_249' title='bbox 217 3498 280 3546; x_wconf 90' lang='lat' dir='ltr'>sunt</span> <span class='ocrx_word' id='word_1_250' title='bbox 303 3490 415 3551; x_wconf 81' lang='lat' dir='ltr'>veritas,</span> <span class='ocrx_word' id='word_1_251' title='bbox 438 3488 558 3551; x_wconf 89' lang='lat' dir='ltr'>iustitia,</span> <span class='ocrx_word' id='word_1_252' title='bbox 582 3488 728 3551; x_wconf 78' lang='lat' dir='ltr'>fortitudo,</span> <span class='ocrx_word' id='word_1_253' title='bbox 751 3490 881 3562; x_wconf 76' lang='lat' dir='ltr'>gravitas.</span> <span class='ocrx_word' id='word_1_254' title='bbox 905 3489 985 3553; x_wconf 84' lang='lat' dir='ltr'>tides,</span> <span class='ocrx_word' id='word_1_255' title='bbox 1008 3490 1117 3548; x_wconf 86' lang='lat' dir='ltr'>verbum</span> <span class='ocrx_word' id='word_1_256' title='bbox 1140 3493 1255 3556; x_wconf 85' lang='lat' dir='ltr'>Christi,</span> <span class='ocrx_word' id='word_1_257' title='bbox 1278 3494 1380 3568; x_wconf 85' lang='lat' dir='ltr'>quibus</span> <span class='ocrx_word' id='word_1_258' title='bbox 1405 3499 1509 3558; x_wconf 85' lang='lat' dir='ltr'>teiam</span> 
     </span>
     <span class='ocr_line' id='line_1_38' title="bbox 219 3575 352 3632; baseline -0.015 0"><span class='ocrx_word' id='word_1_259' title='bbox 219 3575 352 3632; x_wconf 77' lang='lat' dir='ltr'>decennii.</span> 
     </span>
    </p>

    <p class='ocr_par' dir='ltr' id='par_1_28' title="bbox 149 3658 1512 3828">
     <span class='ocr_line' id='line_1_39' title="bbox 149 3658 1231 3735; baseline 0.004 -20"><span class='ocrx_word' id='word_1_260' title='bbox 149 3666 208 3715; x_wconf 68' lang='lat' dir='ltr'>§.tlt</span> <span class='ocrx_word' id='word_1_261' title='bbox 281 3659 465 3715; x_wconf 87' lang='lat' dir='ltr'>lluttcnus.</span> <span class='ocrx_word' id='word_1_262' title='bbox 503 3658 537 3713; x_wconf 89' lang='lat' dir='ltr'>lla</span> <span class='ocrx_word' id='word_1_263' title='bbox 559 3666 586 3715; x_wconf 90' lang='lat' dir='ltr'>ct</span> <span class='ocrx_word' id='word_1_264' title='bbox 608 3676 703 3714; x_wconf 85' lang='lat' dir='ltr'>aureas</span> <span class='ocrx_word' id='word_1_265' title='bbox 726 3659 863 3732; x_wconf 88' lang='lat' dir='ltr'>phaleras,</span> <span class='ocrx_word' id='word_1_266' title='bbox 887 3669 914 3715; x_wconf 90' lang='lat' dir='ltr'>et</span> <span class='ocrx_word' id='word_1_267' title='bbox 935 3661 1084 3725; x_wconf 75' lang='lat' dir='ltr'>cauterium</span> <span class='ocrx_word' id='word_1_268' title='bbox 1107 3660 1231 3735; x_wconf 89' lang='lat' dir='ltr'>aliquem.</span> 
     </span>
     <span class='ocr_line' id='line_1_40' title="bbox 279 3742 1512 3828; baseline 0.013 -31"><span class='ocrx_word' id='word_1_269' title='bbox 279 3744 425 3800; x_wconf 86' lang='lat' dir='ltr'>Veritas.</span> <span class='ocrx_word' id='word_1_270' title='bbox 462 3743 614 3800; x_wconf 88' lang='lat' dir='ltr'>Cauterium</span> <span class='ocrx_word' id='word_1_271' title='bbox 651 3742 754 3801; x_wconf 91' lang='lat' dir='ltr'>nullum</span> <span class='ocrx_word' id='word_1_272' title='bbox 788 3745 823 3801; x_wconf 96' lang='lat' dir='ltr'>do</span> <span class='ocrx_word' id='word_1_273' title='bbox 860 3744 956 3807; x_wconf 87' lang='lat' dir='ltr'>aliurn.</span> <span class='ocrx_word' id='word_1_274' title='bbox 999 3764 1079 3819; x_wconf 88' lang='lat' dir='ltr'>quam</span> <span class='ocrx_word' id='word_1_275' title='bbox 1114 3745 1217 3819; x_wconf 90' lang='lat' dir='ltr'>pullum</span> <span class='ocrx_word' id='word_1_276' title='bbox 1254 3747 1302 3804; x_wconf 83' lang='lat' dir='ltr'>filii</span> <span class='ocrx_word' id='word_1_277' title='bbox 1339 3751 1512 3828; x_wconf 70' lang='lat' dir='ltr'>subiugalis</span> 
     </span>
    </p>
   </div>
   <div class='ocr_carea' id='block_1_3' title="bbox 152 3828 1552 4416">
    <p class='ocr_par' dir='ltr' id='par_1_29' title="bbox 152 3828 1552 4416">
     <span class='ocr_line' id='line_1_41' title="bbox 216 3828 1549 3907; baseline 0.007 -23"><span class='ocrx_word' id='word_1_278' title='bbox 216 3831 259 3885; x_wconf 92' lang='lat' dir='ltr'>cui</span> <span class='ocrx_word' id='word_1_279' title='bbox 290 3829 387 3885; x_wconf 86' lang='lat' dir='ltr'>insedit</span> <span class='ocrx_word' id='word_1_280' title='bbox 408 3829 530 3886; x_wconf 88' lang='lat' dir='ltr'>Christus</span> <span class='ocrx_word' id='word_1_281' title='bbox 558 3829 682 3886; x_wconf 90' lang='lat' dir='ltr'>dominus</span> <span class='ocrx_word' id='word_1_282' title='bbox 711 3828 743 3899; x_wconf 88' lang='lat' dir='ltr'>(si</span> <span class='ocrx_word' id='word_1_283' title='bbox 772 3829 879 3905; x_wconf 89' lang='lat' dir='ltr'>quidem</span> <span class='ocrx_word' id='word_1_284' title='bbox 907 3831 1029 3907; x_wconf 87' lang='lat' dir='ltr'>equitare</span> <span class='ocrx_word' id='word_1_285' title='bbox 1056 3829 1142 3904; x_wconf 90' lang='lat' dir='ltr'>lubet)</span> <span class='ocrx_word' id='word_1_286' title='bbox 1175 3840 1221 3888; x_wconf 90' lang='lat' dir='ltr'>aut</span> <span class='ocrx_word' id='word_1_287' title='bbox 1254 3833 1332 3892; x_wconf 88' lang='lat' dir='ltr'>illum</span> <span class='ocrx_word' id='word_1_288' title='bbox 1361 3835 1549 3898; x_wconf 75' lang='lat' dir='ltr'>Zaelrariaatc</span> 
     </span>
     <span class='ocr_line' id='line_1_42' title="bbox 217 3932 330 3971; baseline 0.009 -2"><span class='ocrx_word' id='word_1_289' title='bbox 217 3932 330 3971; x_wconf 88' lang='lat' dir='ltr'>nsuimn.</span> 
     </span>
     <span class='ocr_line' id='line_1_43' title="bbox 283 3998 1515 4075; baseline 0.011 -20"><span class='ocrx_word' id='word_1_290' title='bbox 283 3999 467 4056; x_wconf 89' lang='lat' dir='ltr'>lluttcnus.</span> <span class='ocrx_word' id='word_1_291' title='bbox 504 4000 561 4056; x_wconf 86' lang='lat' dir='ltr'>Non</span> <span class='ocrx_word' id='word_1_292' title='bbox 584 3998 665 4055; x_wconf 86' lang='lat' dir='ltr'>ulium</span> <span class='ocrx_word' id='word_1_293' title='bbox 687 4000 750 4055; x_wconf 92' lang='lat' dir='ltr'>mibi</span> <span class='ocrx_word' id='word_1_294' title='bbox 772 3999 848 4056; x_wconf 89' lang='lat' dir='ltr'>dabis</span> <span class='ocrx_word' id='word_1_295' title='bbox 863 3999 993 4058; x_wconf 86' lang='lat' dir='ltr'>calullum</span> <span class='ocrx_word' id='word_1_296' title='bbox 1011 4018 1089 4075; x_wconf 93' lang='lat' dir='ltr'>quam</span> <span class='ocrx_word' id='word_1_297' title='bbox 1105 4000 1202 4058; x_wconf 84' lang='lat' dir='ltr'>mulam</span> <span class='ocrx_word' id='word_1_298' title='bbox 1218 4010 1264 4059; x_wconf 88' lang='lat' dir='ltr'>aut</span> <span class='ocrx_word' id='word_1_299' title='bbox 1279 4004 1408 4064; x_wconf 66' lang='lat' dir='ltr'>asinum?</span> <span class='ocrx_word' id='word_1_300' title='bbox 1433 4009 1515 4069; x_wconf 86' lang='lat' dir='ltr'>hisee</span> 
     </span>
     <span class='ocr_line' id='line_1_44' title="bbox 152 4083 629 4146; baseline 0.004 -8"><span class='ocrx_word' id='word_1_301' title='bbox 152 4083 360 4146; x_wconf 57' lang='lat' dir='ltr'>§.mnlcbehaho</span> <span class='ocrx_word' id='word_1_302' title='bbox 384 4094 425 4141; x_wconf 88' lang='lat' dir='ltr'>tot</span> <span class='ocrx_word' id='word_1_303' title='bbox 446 4084 629 4142; x_wconf 79' lang='lat' dir='ltr'>arlversnrios?</span> 
     </span>
     <span class='ocr_line' id='line_1_45' title="bbox 281 4169 1516 4246; baseline 0.015 -24"><span class='ocrx_word' id='word_1_304' title='bbox 281 4169 428 4226; x_wconf 82' lang='lat' dir='ltr'>Veritas.</span> <span class='ocrx_word' id='word_1_305' title='bbox 465 4172 551 4242; x_wconf 84' lang='lat' dir='ltr'>dtque</span> <span class='ocrx_word' id='word_1_306' title='bbox 574 4171 609 4225; x_wconf 87' lang='lat' dir='ltr'>ito</span> <span class='ocrx_word' id='word_1_307' title='bbox 634 4171 781 4227; x_wconf 88' lang='lat' dir='ltr'>instructus</span> <span class='ocrx_word' id='word_1_308' title='bbox 803 4171 922 4226; x_wconf 79' lang='lat' dir='ltr'>riranirnis</span> <span class='ocrx_word' id='word_1_309' title='bbox 946 4170 1056 4241; x_wconf 77' lang='lat' dir='ltr'>roqibus</span> <span class='ocrx_word' id='word_1_310' title='bbox 1078 4178 1106 4227; x_wconf 88' lang='lat' dir='ltr'>et</span> <span class='ocrx_word' id='word_1_311' title='bbox 1128 4172 1294 4246; x_wconf 89' lang='lat' dir='ltr'>principibus</span> <span class='ocrx_word' id='word_1_312' title='bbox 1322 4175 1378 4232; x_wconf 90' lang='lat' dir='ltr'>eris</span> <span class='ocrx_word' id='word_1_313' title='bbox 1412 4179 1516 4239; x_wconf 85' lang='lat' dir='ltr'>lormi-</span> 
     </span>
     <span class='ocr_line' id='line_1_46' title="bbox 219 4252 1552 4330; baseline 0.011 -22"><span class='ocrx_word' id='word_1_314' title='bbox 219 4252 329 4316; x_wconf 83' lang='lat' dir='ltr'>dabilis;</span> <span class='ocrx_word' id='word_1_315' title='bbox 358 4255 422 4327; x_wconf 93' lang='lat' dir='ltr'>quin</span> <span class='ocrx_word' id='word_1_316' title='bbox 451 4264 477 4310; x_wconf 92' lang='lat' dir='ltr'>et</span> <span class='ocrx_word' id='word_1_317' title='bbox 506 4253 558 4309; x_wconf 89' lang='lat' dir='ltr'>illis</span> <span class='ocrx_word' id='word_1_318' title='bbox 581 4254 664 4311; x_wconf 90' lang='lat' dir='ltr'>libere</span> <span class='ocrx_word' id='word_1_319' title='bbox 685 4254 892 4319; x_wconf 82' lang='lat' dir='ltr'>eoriviciaberis,</span> <span class='ocrx_word' id='word_1_320' title='bbox 920 4255 1052 4330; x_wconf 85' lang='lat' dir='ltr'>siquando</span> <span class='ocrx_word' id='word_1_321' title='bbox 1075 4274 1116 4312; x_wconf 89' lang='lat' dir='ltr'>me</span> <span class='ocrx_word' id='word_1_322' title='bbox 1138 4257 1234 4313; x_wconf 86' lang='lat' dir='ltr'>videris</span> <span class='ocrx_word' id='word_1_323' title='bbox 1257 4258 1421 4328; x_wconf 82' lang='lat' dir='ltr'>obscurari;</span> <span class='ocrx_word' id='word_1_324' title='bbox 1453 4281 1552 4325; x_wconf 77' lang='lat' dir='ltr'>nonts</span> 
     </span>
     <span class='ocr_line' id='line_1_47' title="bbox 221 4338 1518 4416; baseline 0.015 -24"><span class='ocrx_word' id='word_1_325' title='bbox 221 4338 328 4394; x_wconf 86' lang='lat' dir='ltr'>timebis</span> <span class='ocrx_word' id='word_1_326' title='bbox 352 4358 366 4394; x_wconf 88' lang='lat' dir='ltr'>a</span> <span class='ocrx_word' id='word_1_327' title='bbox 389 4339 457 4395; x_wconf 68' lang='lat' dir='ltr'>lartio</span> <span class='ocrx_word' id='word_1_328' title='bbox 479 4357 585 4403; x_wconf 86' lang='lat' dir='ltr'>eorum.</span> <span class='ocrx_word' id='word_1_329' title='bbox 609 4351 635 4397; x_wconf 89' lang='lat' dir='ltr'>et</span> <span class='ocrx_word' id='word_1_330' title='bbox 659 4342 715 4416; x_wconf 88' lang='lat' dir='ltr'>ipsa</span> <span class='ocrx_word' id='word_1_331' title='bbox 737 4341 818 4397; x_wconf 90' lang='lat' dir='ltr'>etiam</span> <span class='ocrx_word' id='word_1_332' title='bbox 841 4341 890 4397; x_wconf 88' lang='lat' dir='ltr'>tibi</span> <span class='ocrx_word' id='word_1_333' title='bbox 913 4341 1008 4403; x_wconf 84' lang='lat' dir='ltr'>adero,</span> <span class='ocrx_word' id='word_1_334' title='bbox 1040 4350 1070 4397; x_wconf 90' lang='lat' dir='ltr'>ut</span> <span class='ocrx_word' id='word_1_335' title='bbox 1092 4340 1203 4399; x_wconf 89' lang='lat' dir='ltr'>liberem</span> <span class='ocrx_word' id='word_1_336' title='bbox 1226 4351 1260 4399; x_wconf 90' lang='lat' dir='ltr'>te.</span> <span class='ocrx_word' id='word_1_337' title='bbox 1306 4344 1348 4403; x_wconf 77' lang='lat' dir='ltr'>Ab</span> <span class='ocrx_word' id='word_1_338' title='bbox 1371 4347 1430 4408; x_wconf 89' lang='lat' dir='ltr'>hoc</span> <span class='ocrx_word' id='word_1_339' title='bbox 1455 4370 1518 4412; x_wconf 88' lang='lat' dir='ltr'>mo·</span> 
     </span>
    </p>
   </div>
   <div class='ocr_carea' id='block_1_4' title="bbox 224 4507 413 4514">
    <p class='ocr_par' dir='ltr' id='par_1_30' title="bbox 224 4507 413 4514">
     <span class='ocr_line' id='line_1_48' title="bbox 224 4507 413 4514; baseline 0 -1"><span class='ocrx_word' id='word_1_340' title='bbox 224 4507 413 4514; x_wconf 55' lang='grc'>*-</span> 
     </span>
    </p>
   </div>
   <div class='ocr_carea' id='block_1_5' title="bbox 221 4604 1519 4743">
    <p class='ocr_par' dir='ltr' id='par_1_31' title="bbox 221 4604 1519 4743">
     <span class='ocr_line' id='line_1_49' title="bbox 285 4604 1519 4677; baseline 0.011 -22"><span class='ocrx_word' id='word_1_341' title='bbox 285 4604 307 4639; x_wconf 81' lang='lat'>²⁴</span> <span class='ocrx_word' id='word_1_342' title='bbox 326 4605 401 4673; x_wconf 85' lang='lat' dir='ltr'>mibi]</span> <span class='ocrx_word' id='word_1_343' title='bbox 421 4624 462 4657; x_wconf 89' lang='lat' dir='ltr'>me</span> <span class='ocrx_word' id='word_1_344' title='bbox 482 4611 505 4658; x_wconf 77' lang='lat' dir='ltr'>l.</span> <span class='ocrx_word' id='word_1_345' title='bbox 556 4607 578 4641; x_wconf 71' lang='lat'>³⁸</span> <span class='ocrx_word' id='word_1_346' title='bbox 597 4607 757 4675; x_wconf 79' lang='lat' dir='ltr'>cauterium]</span> <span class='ocrx_word' id='word_1_347' title='bbox 778 4608 1067 4677; x_wconf 70' lang='lat' dir='ltr'>centerins=3ellen</span> <span class='ocrx_word' id='word_1_348' title='bbox 1119 4609 1142 4644; x_wconf 72' lang='lat'>⁸⁰</span> <span class='ocrx_word' id='word_1_349' title='bbox 1159 4612 1372 4670; x_wconf 63' lang='lat' dir='ltr'>asebnalxm</span> <span class='ocrx_word' id='word_1_350' title='bbox 1425 4619 1451 4653; x_wconf 76' lang='lat'>⁴⁵</span> <span class='ocrx_word' id='word_1_351' title='bbox 1470 4622 1519 4676; x_wconf 77' lang='lat' dir='ltr'>cf,</span> 
     </span>
     <span class='ocr_line' id='line_1_50' title="bbox 221 4690 390 4743; baseline -0.018 0"><span class='ocrx_word' id='word_1_352' title='bbox 221 4690 390 4743; x_wconf 76' lang='lat' dir='ltr'>lerem.1.8.</span> 
     </span>
    </p>
   </div>
   <div class='ocr_carea' id='block_1_6' title="bbox 0 0 1707 5370">
    <p class='ocr_par' dir='ltr' id='par_1_32' title="bbox 0 0 1707 5370">
     <span class='ocr_line' id='line_1_51' title="bbox 0 0 1707 5370; baseline 0 0"><span class='ocrx_word' id='word_1_353' title='bbox 0 0 1707 5370; x_wconf 95' lang='lat' dir='ltr'> </span> 
     </span>
    </p>
   </div>
  </div>
 </body>
</html>
