3382 5370
270 351 342 420 512
707 381 824 415 DlAlissol
844 380 1112 420 retlt'nottvtrntttct.

332 539 495 611 Legatos.
532 537 598 605 Quis
620 539 687 595 tanti
711 539 838 595 laeinoris
860 542 957 596 autor?

332 623 462 680 llenno.
499 623 628 698 Princeps
652 625 723 698 ipse,
748 625 902 681 turbatores
925 625 995 680 enim
1018 625 1117 698 qnietis
1140 625 1280 699 pacisque,
1310 644 1340 682 ac
1363 644 1478 701 nequam
1502 627 1552 683 bo·

269 708 354 764 mines
376 718 448 765 sont.

332 793 490 868 Legatos.
528 794 679 850 Omnesne?

334 877 457 935 llcnno.
494 878 591 934 Omnes
614 880 738 953 prolecto
761 887 897 954 quotquot
919 880 950 934 ad
974 897 1024 935 niis
1047 880 1165 936 veniunt.

202 979 268 1028 §.tin
333 962 497 1037 Legatos.
534 964 651 1020 Absolvo
674 964 754 1019 etiam
778 964 839 1020 illos
862 965 907 1038 qni
931 965 1167 1027 exeommunicati,
1191 965 1261 1038 quod
1285 980 1380 1020 mattos
1403 965 1555 1023 iniecerunt

268 1049 452 1105 sacerdotibus
474 1047 647 1123 prolatisque
668 1048 849 1105 eeclesiarum.

333 1133 458 1190 llenno.
496 1132 630 1200 Quantum
651 1134 714 1189 dare
736 1142 872 1207 eoguntur
894 1134 939 1189 bi?

333 1220 492 1293 Legatos.
530 1218 587 1274 b'on
610 1220 698 1274 minos
722 1236 800 1293 qoam
825 1219 935 1292 triginta
957 1220 1078 1276 ducatos.

331 1303 454 1361 llenno.
491 1303 596 1377 Optime
618 1312 673 1360 est:
696 1305 822 1360 sacerdos
845 1304 976 1378 siquidem
1000 1305 1101 1361 viciuos
1124 1313 1166 1359 est
1181 1305 1274 1366 nobis.
1299 1306 1343 1378 qoi
1361 1305 1588 1362 nndtosinio·1o

270 1392 308 1448 ria
331 1389 440 1463 aflligit,
469 1406 500 1445 ac
523 1389 573 1444 iam
595 1389 699 1462 aliquot
722 1390 801 1445 etiam
821 1388 969 1445 vulneravit
992 1389 1098 1453 ebrios,
1129 1398 1209 1463 atque
1236 1392 1304 1445 adeo
1326 1390 1438 1447 insultat
1463 1395 1551 1447 enani-

269 1477 332 1538 bos,
362 1474 428 1530 nolli
456 1491 582 1547 parcens;
611 1473 651 1528 illi
679 1483 879 1530 sacrosanctum
909 1491 969 1530 eom
997 1492 1104 1530 rorsom
1128 1473 1196 1530 male
1219 1474 1334 1530 nioltare
1357 1492 1411 1531 non
1434 1476 1551 1536 audent:

267 1562 383 1635 electique
406 1558 507 1614 nollios
530 1575 610 1620 naor,
634 1557 734 1614 oollins
756 1561 835 1614 etiam
860 1568 916 1614 tota
940 1576 997 1632 prio
1019 1561 1077 1615 eins
1100 1560 1209 1615 libidine
1232 1559 1285 1614 blia
1308 1569 1364 1615 est:
1388 1562 1410 1614 si
1426 1578 1498 1616 carso
1514 1579 1549 1615 eo

268 1653 383 1720 possunt
405 1643 438 1699 ab
460 1643 603 1699 homicidio
626 1642 728 1699 absolvi
752 1644 861 1717 triginta
883 1644 1003 1707 ducatis,
1027 1645 1189 1701 interficient
1211 1644 1349 1719 prolecto,
1372 1653 1400 1700 et
1423 1655 1451 1701 to
1467 1663 1550 1719 peco-

269 1732 338 1786 niam
361 1727 480 1785 babebis
1560 1748 1583 1788 m

200 1831 268 1880 §.rain
332 1816 493 1887 Legatos.
529 1811 587 1868 Non
611 1813 689 1869 iubeo
713 1822 744 1869 ot
771 1813 948 1878 interficiant;
974 1814 999 1869 si
1028 1814 1149 1870 venerint
1178 1823 1281 1877 tamen,
1312 1814 1437 1880 absolio;
1465 1817 1554 1890 pmni-

269 1899 387 1955 tentibus
409 1899 492 1954 venim
516 1896 591 1953 locos
613 1899 674 1954 erit.

329 1985 424 2040 Pnor.
460 1983 587 2043 Polebre.
611 1984 732 2040 Christos
755 1984 839 2040 vetuit
862 2001 895 2039 ne
917 1984 1015 2040 Christi
1039 1985 1097 2040 eins
1121 1991 1312 2057 tangerentur:
1342 1985 1385 2041 bic
1408 1984 1495 2045 iubet.
1519 1995 1549 2041 nt

266 2071 407 2145 pecuniam
435 2068 546 2130 lrabeat.
575 2069 654 2124 etiam
687 2068 781 2125 occidi.
830 2086 878 2125 nec
907 2078 950 2125 est
978 2070 1050 2143 qood
1078 2069 1129 2124 sibi
1159 2070 1201 2124 bic
1224 2067 1397 2125 blandiantur
1419 2071 1549 2145 episcopi.

268 2164 392 2229 tanquam
416 2153 467 2209 soli
490 2153 669 2216 sacrosancti,
693 2154 819 2228 quoniam
843 2163 870 2209 et
893 2154 919 2209 in
942 2171 989 2209 eos
1005 2172 1076 2210 aritia
1093 2163 1257 2210 exequentur
1274 2154 1393 2217 tandem:
1415 2173 1476 2211 corn
1491 2157 1582 2230 epi-m

271 2257 383 2313 scopus,
407 2247 516 2313 excepta
540 2238 724 2301 ordinatione,
747 2238 832 2294 nibilo
855 2238 917 2313 plos
939 2239 975 2294 sit
998 2256 1076 2313 quani
1099 2238 1256 2313 presbyter,
1281 2240 1331 2295 boc
1355 2241 1429 2312 qood
1451 2241 1501 2295 iarn
1519 2249 1549 2295 to

267 2325 377 2398 egregie
401 2323 542 2380 ostendisti
570 2323 596 2379 in
620 2324 725 2384 Soetia,
754 2324 785 2379 ad
814 2332 908 2379 notum
938 2323 1060 2380 videlieet
1087 2323 1323 2399 adulationemque
1352 2325 1457 2399 tyranni
1487 2342 1548 2400 per·

268 2426 407 2466 cossorem
429 2408 623 2482 arebiepiseopi
647 2409 777 2481 evestigio
800 2408 950 2465 absolvens.

198 2511 265 2562 §.tet
329 2495 460 2568 begato
469 2513 489 2548 s.
527 2493 685 2565 lllegitimos
708 2494 786 2548 etiam
810 2492 946 2567 legitimos
969 2493 1053 2554 lario,
1077 2494 1225 2550 bonoribus
1248 2493 1337 2550 loeom
1361 2494 1461 2550 tribuo.

329 2580 425 2635 l'oer.
462 2577 519 2634 lloe
541 2578 672 2634 Caesarem
695 2587 798 2634 tantum
820 2596 902 2653 posse
923 2579 1024 2640 audiri:
1059 2596 1121 2634 nom
1144 2587 1171 2635 et
1194 2579 1219 2635 id
1242 2579 1293 2635 sibi
1316 2580 1436 2645 vendicat
1457 2581 1579 2654 Papalos

198 2675 264 2725 §.nn
328 2664 490 2738 Legatos.
528 2664 566 2718 bd
589 2663 745 2737 propbanos
768 2662 812 2718 ille
835 2663 966 2725 bonores,
989 2681 1041 2736 ego
1057 2665 1089 2719 ad
1107 2664 1270 2727 sacerdotia:
1294 2665 1347 2721 imo
1364 2666 1443 2720 etiam
1460 2667 1481 2720 si
1498 2668 1544 2739 qui

267 2750 368 2805 truncis
391 2749 444 2804 sint
467 2747 610 2809 membris,
638 2748 669 2803 ad
692 2747 786 2804 altaria
806 2748 904 2803 Cbristi
927 2749 1066 2810 accedant,
1096 2749 1253 2822 apostolicis
1276 2749 1361 2805 literis
1384 2758 1545 2824 potestatem

265 2834 343 2890 lacio.

326 2919 420 2974 Puer.
457 2918 512 2973 lloc
535 2917 605 2992 qood
628 2934 798 2990 nequaquan
821 2919 904 2975 veteri
929 2926 1090 2974 testamento
1113 2917 1225 2980 licebat.
1256 2928 1382 2992 tanquam
1405 2918 1542 2992 indignum

263 3004 332 3065 deo,
356 3002 421 3059 illod
444 3002 532 3076 ipsum
555 3003 598 3058 bic
620 3001 665 3058 ille
688 3011 765 3077 pater
786 3012 895 3060 sanctos
918 3020 1001 3064 none,
1025 3003 1101 3076 qnasi
1123 3003 1208 3076 inagis
1232 3002 1458 3077 liceat,.peconia
1481 3022 1543 3060 ven·
1552 3021 1578 3060 ao

263 3089 324 3152 det;
347 3096 502 3143 nostrornm
518 3087 598 3143 etiam
614 3088 782 3144 sacerdotnm
806 3087 886 3161 volgo
910 3089 941 3143 ad
964 3088 1078 3162 plurima
1102 3087 1184 3151 mala,
1208 3087 1388 3161 ignorantiam
1412 3088 1542 3149 videlieet.

264 3173 437 3233 ebrietatem,
461 3172 668 3234 scortationem:
691 3173 741 3230 boc
763 3173 871 3229 additor
893 3181 977 3234 reete.
1001 3181 1030 3228 ot
1053 3173 1142 3228 mutili
1166 3173 1233 3234 sint.
1258 3191 1312 3247 quo
1335 3172 1401 3228 nibil
1426 3177 1543 3248 torpitu-

196 3259 341 3319 §.taudinis
364 3258 408 3320 sit,
431 3257 495 3331 quin
519 3257 546 3312 in
568 3257 607 3312 eis
630 3258 789 3331 reperiatur.
835 3257 911 3314 Tales
933 3275 994 3313 oum
1016 3257 1070 3313 sint
1086 3257 1255 3332 presbytcri,
1279 3257 1372 3331 quales
1387 3258 1542 3332 potabimus

263 3361 322 3399 esse
344 3342 475 3416 reliquam
498 3341 682 3416 plebeculam?
713 3351 786 3399 certe
808 3360 942 3399 ca‘eorom
965 3360 1064 3402 caecos.
1095 3342 1252 3398 claudorum
1274 3341 1384 3398 claudos
1406 3343 1544 3398 ductores.

263 3428 336 3484 Talia
358 3444 468 3484 interiora
491 3427 570 3482 ollcrt
592 3427 635 3482 liic
658 3428 684 3482 in
705 3427 784 3484 denm
808 3427 945 3501 piissimos
973 3427 1086 3500 legatos.
1129 3428 1161 3482 de
1185 3445 1238 3501 qoo
1262 3427 1311 3483 iarn
1334 3426 1412 3500 plane
1435 3427 1579 3483 illediso

262 3513 300 3569 xit
324 3513 386 3569 ‘Vos
409 3512 561 3569 sacerdotes
578 3512 717 3585 despicitis
740 3530 836 3568 nenton
860 3530 963 3574 rincum,
992 3511 1136 3568 ellorentes
1165 3530 1247 3585 panes
1276 3511 1411 3586 pollutos.
1441 3530 1542 3568 eaireinn

262 3608 290 3654 et
310 3598 432 3654 claudum
455 3606 482 3653 et
504 3597 659 3670 languidum
684 3597 709 3652 in
732 3597 913 3654 sacrificiom':
937 3597 1061 3652 nimirum
1078 3615 1125 3653 eos
1142 3596 1308 3670 intelligens.
1332 3597 1377 3669 qui
1393 3615 1543 3652 sacramen·

262 3691 317 3739 tom
341 3682 439 3738 Cbristi
461 3681 588 3755 polluunt
609 3682 748 3755 eorporis:
778 3700 892 3755 qnorum
923 3683 1009 3739 anima
1039 3681 1131 3738 clauda
1162 3691 1218 3743 est,
1246 3681 1346 3755 duplici
1377 3681 1479 3738 seilicet
1507 3683 1541 3738 ad

261 3768 422 3841 precandum
451 3776 539 3823 riieiite
569 3767 710 3830 accedens;
744 3767 867 3840 languida
897 3768 977 3823 etiarn
1011 3766 1046 3822 ob
1075 3766 1200 3823 virtutem
1232 3767 1329 3839 dciqne
1363 3767 1540 3840 sapientiam:

260 3871 329 3907 cinca
354 3853 430 3913 item.
463 3869 522 3924 quiin
545 3851 667 3906 videlieet
690 3868 742 3906 tion
767 3851 918 3907 illustrator
940 3852 1037 3907 Christi
1060 3851 1174 3911 lumine.
1205 3869 1253 3907 nee
1276 3850 1383 3906 oeulom
1405 3852 1437 3907 dc
1460 3867 1577 3907 eran-ao

260 3937 332 4009 gello
355 3945 527 3992 contuentem
550 3936 638 3992 babet.
682 3937 734 3992 b'ee
756 3937 856 3997 iniror.
879 3954 938 3993 com
963 3937 1034 4011 ipso,
1064 3936 1109 4010 qui
1133 3954 1252 3991 sonimns
1275 3954 1334 3991 esse.
1356 3935 1413 3990 vult
1435 3938 1540 4010 episco-

260 4040 326 4095 pos,
360 4022 506 4077 etiamnum
532 4039 619 4077 caecos
648 4037 706 4076 esse
733 4021 851 4083 dicator.
887 4031 932 4077 aot
961 4022 984 4076 si
1012 4021 1149 4095 quippiam
1178 4021 1264 4077 adbuc
1294 4021 1393 4081 rideat.
1423 4021 1540 4094 caligent

261 4107 326 4162 adim
349 4107 407 4161 cios
430 4106 514 4166 ocoli.
538 4116 568 4161 ot
591 4105 671 4161 etiam
695 4104 720 4160 in
742 4106 877 4162 dominico
901 4106 1001 4180 templo
1022 4106 1065 4162 dei
1087 4106 1223 4162 lucernam
1246 4121 1298 4161 non
1323 4115 1460 4176 agnoscat.

193 4197 260 4247 §.tat
325 4192 486 4264 Legatos.
524 4190 649 4246 Veterum
683 4191 762 4246 etiam
794 4200 835 4247 est
864 4192 1034 4253 institutum,
1067 4208 1100 4248 ne
1129 4190 1270 4266 qnisquam
1299 4191 1366 4263 regii
1395 4191 1538 4247 sacerdotii

261 4306 461 4316 —-..—-

325 4372 336 4404 ⁹
349 4375 401 4435 Qui
414 4388 509 4423 ananus
522 4373 550 4422 in
563 4372 721 4423 sacerdotes
733 4374 885 4437 iniecerint,
903 4374 936 4424 30
948 4374 1055 4424 detentis
1069 4373 1270 4424 absolvuntur*
1325 4373 1345 4403 ¹⁶
1359 4371 1462 4438 venen]
1473 4375 1538 4437 sort.

259 4458 380 4508 fecerint
432 4456 452 4490 ¹⁸
464 4457 642 4509 Psalmlllll.
653 4456 691 4508 15.
744 4457 765 4489 ¹³
785 4459 916 4524 cs.snpra
934 4461 973 4521 55.
1037 4457 1059 4491 ²⁴
1076 4458 1282 4524 Legitimum.-
1305 4460 1323 4508 i.
1335 4475 1357 4507 e.
1374 4461 1410 4508 ad
1420 4460 1538 4509 bonores.

257 4540 280 4574 ²²
290 4544 470 4608 Dispensatio
483 4559 531 4608 pro
544 4542 650 4592 altaria
692 4540 714 4574 ’θ
726 4544 924 4595 novitiuxxt.
934 4543 971 4594 18.
981 4559 1038 4608 sqq.
1058 4545 1093 4593 cf.
1101 4544 1212 4594 Decret.
1220 4544 1347 4593 Gratiani
1359 4548 1429 4608 port.
1438 4544 1459 4593 l.
1473 4544 1538 4593 dist.

257 4627 298 4678 49.
313 4645 337 4677 c.
348 4627 369 4676 l.
404 4625 426 4658 ³⁴
445 4644 511 4678 eoee.
525 4624 603 4692 emo]
617 4619 722 4692 τυφλὸς
734 4627 831 4693 τυφλῷ
843 4619 954 4693 ὁδηγὸς.
971 4630 1009 4693 (γ.
1019 4629 1222 4678 attererentur.
1269 4627 1292 4659 ³⁵
1310 4627 1367 4692 ille]
1381 4628 1499 4677 blalaob.
1515 4631 1536 4678 1.

257 4713 281 4762 ll.
296 4729 354 4778 sqq.
400 4711 422 4744 ⁴¹
434 4720 462 4756 ¹⁴¹·
477 4712 644 4762 Cl.0rnt.ne
658 4714 788 4772 inxqa.
840 4711 862 4744 ⁴⁴
881 4714 917 4763 el.
932 4730 1010 4779 enpp.
1024 4714 1095 4763 n...7.
1109 4713 1228 4765 Distat.
1243 4714 1323 4763 neu.
1338 4713 1415 4762 Grot.
1429 4719 1499 4777 port.
1514 4714 1536 4762 1.
