3382 5370
1 350 73 421 382
238 367 285 415 xl.
355 380 513 415 cauponas.
583 381 722 416 nranoors
742 382 924 417 trrrrxsxrrs.
949 367 1032 431 (tarn.)

1 537 72 597 'uris
98 537 337 613 interpretatione
365 537 394 595 in
423 536 645 597 diversissimam
674 555 819 617 quamque
854 539 1025 600 sententiam
1058 557 1074 598 a
1108 537 1282 616 legislatoris

18 644 98 699 ente
119 637 287 698 derivantur
308 636 403 713 leges.
427 646 457 699 et
477 640 596 718 equitas
618 641 835 718 corrumpitur?
864 638 913 700 nbi
943 642 992 718 qui
1021 641 1122 718 optimi
1144 657 1208 699 esse
1231 656 1281 697 ro·

1 737 130 816 gaggam
152 754 159 825 q
181 739 258 805 lunt.
282 739 385 799 lrande
407 756 442 800 ao
464 742 596 801 versutiis
618 740 775 819 plurimum
799 742 911 802 valeant
931 760 1050 803 necesse
1063 743 1133 802 esti

64 860 262 904 rnancusova.
300 840 332 900 ld
354 842 432 920 quod
454 860 508 902 nos
529 842 699 918 ignoramus
720 843 820 920 rrrlgo:
844 852 922 904 carte
945 845 1021 904 euim
1037 860 1124 922 quam
1139 841 1216 902 docti
1232 849 1283 900 aut

2 944 108 1005 indocti
131 945 189 1005 sint
210 943 254 1011 bi,
283 943 412 1003 noudum
435 946 525 1005 scitur
548 945 666 1013 identis;
694 963 780 1024 qnam
803 944 870 1005 mali
892 964 927 1004 ae
949 952 1087 1006 nocentes
1114 946 1185 1013 sint,
1216 943 1303 1017 irbi-o

2 1045 128 1130 ΨΜ,
157 1063 214 1123 que
237 1062 339 1106 omues
361 1045 464 1106 sciunt.
509 1045 609 1125 ltaque
631 1048 775 1116 Saxones,
804 1047 937 1108 ebrietati
959 1045 1072 1108 deditos
1100 1046 1206 1124 alioqui
1230 1046 1282 1106 lm-

1 1148 109 1217 mioes,
131 1146 219 1208 larido
242 1154 352 1217 tecum,
376 1148 454 1226 qnod
476 1148 545 1209 mibi
568 1148 641 1210 dicis
662 1167 714 1208 eos
736 1167 792 1209 nrm
816 1150 911 1208 rivere
934 1149 1050 1227 quidem
1073 1152 1135 1210 siue
1158 1148 1281 1226 legibus,

9 1268 101 1311 mum
125 1252 187 1310 sino
209 1248 414 1310 iureconsultis
435 1250 600 1328 gubernare
622 1268 670 1310 res
692 1268 759 1311 suas
780 1250 1023 1329 tranquillissime.

63 1371 235 1414 araxenus.
272 1351 362 1412 Recto
384 1350 499 1412 laudas:
529 1369 595 1412 nam
618 1353 726 1430 optime
748 1352 802 1412 sibi
824 1352 978 1414 consulunt
1005 1354 1054 1431 qui
1082 1353 1120 1413 ab
1136 1354 1232 1413 atroci
1254 1360 1283 1412 et

2 1454 169 1530 contagiosa
191 1452 313 1514 mnltmn
336 1460 417 1530 peste
439 1452 548 1514 liberos
569 1460 706 1532 praestant
728 1472 760 1514 se
782 1472 817 1514 ac
837 1456 989 1515 immunes.
1294 1472 1318 1511 ιι

66 1574 265 1618 rnanmscvs.
303 1555 387 1628 erod
410 1555 511 1616 audire
533 1574 548 1615 a
571 1555 690 1616 senibus
711 1556 767 1616 lroc
786 1564 920 1634 tempore
934 1554 1028 1625 solco,
1052 1574 1172 1617 arorxrm
1188 1555 1283 1616 adbuc

2 1654 179 1736 {mifgtgjgt'i'
202 1667 210 1739 Ι
232 1664 399 1717 nostrorum
422 1658 562 1718 memoria
584 1658 724 1736 incogniti
746 1660 852 1736 passim
872 1658 947 1736 apud
964 1677 1018 1718 uos
1033 1659 1152 1720 luerunt
1165 1658 1283 1717 doctor·

4 1760 76 1821 culi:
103 1761 142 1820 ita
164 1758 274 1820 dudum
298 1759 465 1819 invaserunt
487 1778 552 1820 oum
575 1759 673 1820 rubris
695 1762 755 1820 stris
777 1759 889 1837 pilentis
910 1763 960 1838 qni
981 1777 1036 1839 pro
1057 1759 1140 1820 libito
1163 1760 1283 1820 Germa·

4 1865 81 1924 niam
104 1862 227 1940 quadam
250 1862 332 1940 quasi
354 1862 480 1922 immissa
503 1868 672 1940 tempestate
695 1863 892 1931 devastarent;
917 1881 1010 1940 neque
1033 1870 1167 1941 repertus
1188 1863 1285 1921 statim

5 1973 50 2026 est
76 1966 126 2044 qui
155 1971 214 2025 tarn
242 1963 386 2042 pestilenti
415 1981 447 2024 se
474 1964 592 2023 novitati
620 1971 797 2041 opponeret;
832 1983 867 2024 ac
893 1964 1053 2024 diutissime
1082 1965 1139 2024 iam
1161 1961 1283 2023 inultum
1296 1977 1319 2016 n

6 2063 97 2148 2:2⁵5}
120 2065 190 2127 abiit
210 2066 245 2126 iis
267 2065 402 2145 quioquid
432 2067 494 2125 ausi
522 2082 680 2143 perperam
707 2072 784 2126 sunt.
821 2066 872 2126 sed
901 2083 959 2125 non
987 2065 1077 2126 abibit
1105 2083 1193 2143 sporo
1220 2064 1284 2124 diu·

5 2171 77 2230 tius:
111 2167 194 2228 rideo
229 2168 306 2228 enim
334 2165 454 2243 intelligi
487 2167 594 2244 passim
623 2186 678 2245 qua
708 2169 810 2230 iniuria
845 2174 968 2243 regnent
995 2168 1023 2227 iu
1052 2169 1165 2227 iudiciis
1196 2184 1283 2235 orror,

5 2267 141 2353 &525ng
165 2287 239 2349 quos
255 2268 310 2330 vidi
326 2287 392 2329 oum
408 2286 501 2329 essem
525 2288 558 2329 ex
582 2269 764 2330 auditoribus
778 2268 938 2329 Vormacia·
962 2269 1043 2338 uirus,
1067 2286 1183 2346 semper
1206 2268 1284 2347 ‘qnid

4 2369 149 2448 mm
171 2366 179 2438 Ι
202 2370 298 2432 lurisl'
321 2390 467 2450 quaerere,
489 2389 636 2451 nunquam
659 2372 776 2431 tandem
799 2372 937 2441 iuvenire,
962 2379 989 2432 et.
1011 2373 1039 2432 in
1062 2371 1151 2432 rebus
1165 2368 1285 2449 plerun-

6 2492 63 2553 qnc
90 2473 198 2534 l'risolis
227 2492 409 2553 quarumque
438 2471 572 2534 larillima
600 2473 750 2534 ridebatur
778 2473 848 2533 milri
875 2475 1015 2551 cognitio,
1051 2490 1179 2535 summas
1207 2471 1320 2531 ultroao

6 2574 189 2638 difficultates
211 2582 328 2637 nectere
351 2584 379 2637 et
400 2575 529 2655 sepultos
550 2575 605 2636 snb
627 2575 769 2637 librorum
798 2576 945 2636 montibus
973 2581 1049 2635 totos
1077 2591 1284 2652 nonnunquam

5 2674 147 2754 {ww}
180 2677 241 2739 dies
264 2683 396 2756 totosque
418 2678 562 2738 desudare
584 2684 700 2746 noctes,
734 2678 811 2739 rande
834 2697 900 2738 cnm
930 2676 1071 2757 pallentes
1099 2682 1127 2736 et
1154 2676 1285 2736 exhausti

6 2780 101 2842 studio
123 2779 295 2858 prodibant,
319 2797 353 2839 ea
374 2776 568 2857 loquebantur
590 2781 747 2856 saepissime
769 2798 833 2859 quaa
856 2798 908 2839 nin
932 2778 1058 2857 probare
1080 2779 1196 2858 quidem
1219 2796 1286 2838 rer-

5 2881 51 2944 bis
73 2880 266 2961 cogebamur,
295 2898 362 2941 uam
384 2880 526 2942 librorum
548 2880 754 2960 opprimebant
774 2882 959 2950 testimoniis,
988 2888 1017 2941 at
1045 2899 1114 2941 sero
1136 2879 1287 2941 sententiis

7 2983 207 3046 iudicabamus
229 2984 415 3061 ineptissima.
1294 2998 1321 3037 ar.

70 3105 242 3148 surremit.
280 3084 391 3144 'lautus
411 3083 496 3144 labor
519 3093 563 3145 est
584 3103 698 3164 acquum
722 3094 751 3146 ot
772 3087 902 3165 iniquum
919 3092 1102 3163 pervertere:
1125 3102 1192 3144 uam
1207 3082 1285 3162 qnod

8 3190 129 3251 istorum
151 3186 228 3249 alind
252 3193 296 3247 cst
316 3187 460 3256 studium,
490 3205 554 3266 qnae
576 3185 654 3258 laus,
685 3206 771 3267 quam
795 3206 881 3267 posse
904 3206 1035 3248 caussam
1058 3188 1144 3248 etiam
1167 3186 1286 3263 iniquis-

7 3292 109 3352 simam
125 3290 207 3370 quasi
222 3308 304 3370 aequa
320 3291 356 3349 sit
371 3289 537 3361 deiendere,
554 3297 583 3352 ct
597 3307 833 3369 unamquamque
847 3290 954 3351 bonam
973 3288 1096 3350 reddere
1112 3288 1287 3366 pessimam?

68 3411 269 3456 ranserscvs.
307 3391 392 3452 blind
414 3411 472 3453 nou
496 3400 553 3462 est,
578 3401 609 3454 nt
629 3392 781 3453 manifeste
803 3398 895 3470 patet:
923 3410 990 3453 uam
1018 3391 1046 3450 id
1074 3397 1163 3469 agunt
1186 3390 1287 3466 proci·

6 3491 135 3573 mlh
156 3495 164 3567 Ι
186 3512 244 3573 pue
265 3501 352 3572 atque
374 3492 414 3554 ibi
442 3512 555 3556 summa
577 3513 625 3556 ars
648 3502 707 3564 est,
736 3500 769 3554 nt
795 3495 884 3573 siquis
912 3495 997 3554 unico
1019 3492 1133 3553 labatur
1156 3489 1321 3559 verbuloao

8 3615 110 3659 caussa
131 3597 226 3657 statim
250 3596 391 3657 excidisse
413 3615 479 3657 eum
503 3596 635 3658 clament.
681 3600 719 3657 ita
748 3616 807 3656 non
836 3602 880 3656 est
900 3603 960 3656 tuta
983 3614 1036 3675 per
1059 3595 1114 3654 bos
1136 3595 1286 3654 conscien-

7 3698 61 3760 tia:
84 3700 113 3759 io
135 3698 232 3759 serbis
253 3697 340 3759 situm
364 3704 407 3759 est
428 3700 582 3760 damnetur
606 3700 670 3776 quis
691 3716 727 3759 an
750 3697 931 3767 absolvatur3
955 3715 1050 3775 neque
1067 3695 1184 3756 student
1199 3695 1288 3773 aeqni·

8 3795 169 3886 wfflmi
191 3811 199 3880 Ι
221 3801 271 3860 tati
294 3801 378 3870 tales,
413 3819 515 3862 rernm
543 3802 572 3862 io
602 3798 723 3878 litigiosa
752 3798 926 3880 loquacitate
953 3804 1130 3859 eousuumnt
1156 3815 1286 3875 operam,

7 3899 208 3977 mamm
230 3896 238 3965 Ι
260 3920 294 3962 cx
318 3901 407 3963 robus
430 3901 602 3981 plerumque
623 3902 736 3961 lictioiis
757 3907 786 3961 et
807 3901 942 3962 inanibus
965 3901 1066 3978 iugens
1089 3899 1197 3961 bellum
1219 3916 1288 3959 oon·

10 4003 169 4063 ciuoantes.
214 4002 250 4063 Et
272 4010 378 4081 quamn
402 4002 524 4064 dic-oro
546 4022 602 4083 pax
632 4010 709 4065 esset
736 4000 865 4080 publice,
899 4011 1004 4082 qnaota
1033 4003 1197 4062 animorum
1226 3998 1322 4078 ple-os

8 4119 123 4181 ruuque
146 4103 325 4171 coniunctio,
354 4103 378 4162 si
411 4122 470 4164 uon
497 4124 561 4184 qnae
590 4106 698 4185 optime
726 4106 853 4166 instituta
875 4112 956 4174 sunt,
985 4105 1162 4184 iniquissime
1184 4103 1288 4181 ‹lepra-

7 4199 169 4279 lgm&-
192 4205 199 4276 Ι
221 4210 322 4264 carent
344 4204 405 4273 isti,
429 4223 524 4285 neque
546 4207 648 4269 liceret
670 4208 711 4267 eis
734 4205 875 4268 malitiosa
895 4209 946 4267 ista
963 4206 1101 4285 sapientia
1117 4204 1188 4266 alias
1202 4212 1288 4283 atque

7 4300 77 4363 alias
98 4301 187 4363 rebus
209 4304 321 4380 species
343 4304 499 4368 induceret

5 4400 144 4484 lffilssgjq
207 4424 378 4467 nvrrsnrs.
416 4409 470 4469 Ubi
493 4411 561 4488 quid
585 4417 679 4488 potest
700 4411 810 4471 inlinita
833 4412 885 4471 ista
907 4407 1049 4469 librorum
1071 4414 1182 4471 struesl

71 4523 270 4566 rnasersevs.
307 4505 488 4571 Permultum
511 4512 600 4572 credo
628 4519 737 4590 petest:
770 4530 836 4572 raam
865 4511 931 4572 inde
962 4510 1043 4571 rideo
1072 4513 1206 4589 excipere
1234 4526 1321 4569 eosic

6 4619 64 4679 quo
87 4603 228 4678 optimum
252 4623 397 4684 quemque
420 4629 455 4670 ox
483 4612 629 4675 iudicibus
657 4614 801 4674 fascinant
827 4622 856 4675 et
883 4619 1043 4682 occaecans:
1077 4632 1092 4673 a
1122 4612 1228 4692 quibus
1257 4613 1286 4671 io

5 4701 156 4761 bominum
179 4710 272 4764 cotors
293 4709 407 4786 quoties
429 4713 563 4773 instructi
586 4714 703 4775 sortiunt
725 4733 791 4775 curu
815 4715 930 4777 casibus
956 4717 1030 4785 suis,
1059 4715 1141 4793 quasi
1163 4712 1287 4779 Palladis
