3382 5370
186 355 250 423 [lde.
264 353 337 422 ⁸081]
351 371 538 406 t’tttnltutsuttls
552 372 607 406 clv.
621 371 700 406 vrot‘.
714 370 852 405 DlAltttthfl
867 371 901 404 uu
915 368 1123 404 FACVLTATIBVB
1137 367 1346 402 uouuuuuutru.
1392 335 1465 406 495

186 531 288 587 laceres
317 531 358 592 id:
390 548 480 586 rerum
510 530 567 586 aide
597 547 630 585 ne
659 528 706 585 tilii
735 529 878 603 quicquam
907 528 1048 584 intercidat
1076 525 1219 583 seruorum
1251 527 1330 583 lm'us
1360 525 1467 599 Legati:

185 617 292 671 doctum
316 615 386 671 euim
409 614 510 689 alioqui
534 632 594 671 euni
617 632 676 670 esse
698 615 787 670 audin.

248 699 463 757 ltartolinus.
501 699 556 756 lloc
578 701 663 771 agite,
687 700 807 773 nuarquid
831 698 910 756 sultis
933 717 975 755 nre
997 697 1129 772 amplius?

247 784 329 859 Poly
337 803 512 858 paragauon.
550 785 583 840 Ut
606 783 701 841 valeas.

164 889 172 905 '
248 871 345 926 Puer.
380 869 454 925 llale.

250 955 375 1010 llenuo.
413 953 484 1010 l'ale.

250 1039 456 1095 llartnliuus.
495 1038 589 1095 Orsolu
611 1049 701 1095 vostra
725 1057 766 1095 me
789 1040 986 1096 recommaudo.

250 1125 375 1181 llcuno.
412 1125 479 1191 lund
503 1124 558 1179 ait?
581 1124 715 1180 maledicit
738 1124 802 1180 milri
826 1124 882 1186 hic,
907 1142 923 1179 n
946 1124 1053 1180 Bruuo‘l

249 1210 346 1266 Puer.
384 1209 475 1265 Nonne
499 1209 523 1264 id
548 1208 694 1282 intelligis?
718 1210 841 1283 prolecto
864 1209 1008 1267 maledicit.

154 1311 179 1351 m
251 1295 379 1351 llenno.
416 1294 474 1350 don
497 1293 637 1366 intelligo,
662 1304 690 1350 ut
713 1312 773 1351 eum
796 1295 832 1349 dii
848 1295 959 1368 dcccque
975 1294 1088 1369 perdant
1104 1312 1211 1356 «arranem
1234 1303 1362 1369 qnantum
1384 1294 1469 1354 siden.

188 1379 287 1435 nelmln
310 1388 351 1435 est
374 1380 564 1452 nequissimus.
610 1408 613 1413 ·

251 1466 345 1520 l‘ucr.
384 1465 489 1538 ‘decipe
518 1482 588 1521 rrunc
617 1465 732 1521 ltauaurn
761 1465 871 1520 insidias
900 1473 927 1520 et
954 1466 1070 1528 crimen,
1106 1464 1140 1519 ala
1167 1481 1222 1520 une
1250 1464 1325 1520 llisee
1358 1463 1537 1519 oirrnes'.l.t³.

188 1550 285 1607 l'ernm
309 1559 352 1610 ta.
387 1549 493 1611 lleuma,
530 1550 720 1606 incrastinum
744 1549 916 1624 lucempara
942 1560 981 1611 te.
1015 1560 1046 1607 ut
1074 1567 1133 1606 eum
1163 1549 1301 1606 adeundus
1323 1548 1402 1604 nolais
1426 1548 1470 1602 ille

189 1635 293 1709 legatus
316 1644 370 1693 cst.
393 1635 529 1708 conquior·
551 1635 589 1690 sis
611 1633 764 1709 aliquanto,
788 1644 887 1690 vestem
912 1635 969 1690 luto
992 1634 1211 1692 commaculatam
1234 1641 1397 1708 expurgate.
1419 1631 1473 1688 eal·

156 1737 252 1776 taccias
275 1719 347 1775 lotos
369 1737 432 1774 sero
456 1720 592 1791 inungito.
616 1720 724 1776 laarlann
748 1720 848 1780 carlito.
872 1738 955 1794 pesam
978 1721 1019 1776 sac
1042 1721 1078 1776 sit
1099 1719 1226 1793 capillus,
1248 1720 1353 1775 demum
1377 1727 1404 1773 et
1420 1736 1473 1774 irra-

190 1823 240 1860 uus
263 1813 289 1860 et
319 1805 413 1861 faciem
436 1804 523 1860 lavato
545 1804 703 1878 diligenter.
733 1805 881 1875 digitorum
904 1806 985 1860 etiam
1008 1823 1113 1879 ungues
1136 1813 1299 1878 prosecuto:
1323 1804 1349 1858 in
1370 1821 1473 1859 sumnia

191 1891 231 1946 laic
253 1890 332 1950 ciris,
356 1907 409 1944 raon
432 1891 550 1944 rusticus
572 1907 715 1965 appareas:
739 1899 785 1944 aiu
808 1891 830 1944 si
854 1891 963 1963 penitus
986 1891 1115 1946 rusticum
1133 1888 1256 1946 obvelare
1278 1890 1388 1962 nequis,
1411 1888 1474 1944 eisi-

190 1975 244 2030 lior
266 1975 306 2030 lac
329 1976 367 2029 sis
390 1976 522 2030 rusticus:
556 1975 657 2048 alioqui
682 1983 865 2048 opportunum
887 1976 930 2031 cui
960 1976 1079 2050 imponat
1107 1973 1251 2031 aestimabit
1280 1982 1321 2036 te,
1354 1972 1425 2029 oculi
1449 1973 1473 2028 ei

190 2059 292 2133 aliisqui
317 2059 394 2116 liueei
417 2068 488 2114 suut.

155 2161 182 2199 ao
255 2144 377 2200 lleuun.
415 2143 543 2199 Fideldei·
565 2162 672 2204 inoucs,
707 2145 741 2199 itu
765 2144 804 2198 ris
832 2162 923 2216 agalia.
958 2144 1180 2217 quemadmodum
1208 2161 1269 2200 cum
1300 2143 1370 2218 apud
1399 2157 1543 2208 mensem.

191 2228 336 2303 populares
361 2229 459 2285 iudicio
484 2229 560 2284 indes
582 2229 729 2303 prandeo:
764 2246 841 2284 aricino
872 2230 896 2284 in
926 2238 1021 2284 nostro
1050 2247 1120 2303 pugo
1149 2228 1258 2302 estqui
1282 2246 1323 2303 mc
1345 2226 1474 2284 ciuilitate

191 2332 296 2370 morum
320 2323 447 2388 serperet:
481 2314 590 2386 dignnm
613 2331 673 2369 esse
696 2314 770 2368 airuu
793 2332 901 2376 narrares,
930 2315 975 2387 qui
998 2331 1059 2369 curn
1083 2315 1243 2386 magistratu
1266 2314 1366 2388 oppido
1395 2314 1475 2368 ctiam

193 2399 323 2473 opulento
346 2400 462 2473 prasina.
508 2400 589 2473 quid?
618 2400 644 2454 iu
668 2399 716 2455 laac
739 2397 879 2472 undergo
902 2399 934 2454 ab
958 2400 1024 2473 ipsis
1046 2417 1132 2473 prope
1156 2398 1326 2455 incumbulis
1341 2399 1476 2455 enutritus

193 2485 224 2539 ad
247 2484 399 2558 pubertatis
421 2501 505 2540 arianos
527 2501 614 2557 nsque
636 2502 740 2545 errores.
768 2482 924 2540 civilitatem
946 2501 1081 2558 pernosse
1103 2485 1209 2540 civium.
1254 2483 1359 2557 legatos
1388 2491 1476 2538 tamen

158 2568 359 2643 ssapostolieos
390 2568 502 2624 aruelrac
529 2571 640 2625 euau'eui
677 2586 828 2643 uniriqumu;
858 2569 893 2625 ibi
922 2569 986 2643 qnid
1009 2569 1140 2641 ugeaadurn
1163 2570 1200 2625 sit
1227 2586 1320 2643 quaese
1347 2568 1477 2627 edoceto:

193 2671 237 2710 urs
260 2662 302 2709 est
324 2654 448 2727 prolecto
472 2672 552 2726 posse
575 2662 647 2710 recte
670 2655 750 2728 priuai
772 2672 896 2710 accessus
919 2655 1080 2710 ceremoniis
1103 2655 1156 2711 uti:
1190 2653 1280 2710 solent
1303 2652 1388 2709 mraltn
1414 2660 1475 2707 ante

193 2741 243 2794 mei
268 2739 388 2795 meditari
412 2740 504 2799 viciari.
528 2739 664 2812 qaraauodn
688 2738 727 2794 rel
751 2738 854 2795 merel
879 2741 965 2814 ipsum
988 2740 1069 2795 etiam
1092 2741 1153 2814 pagi
1176 2739 1313 2795 dominum
1331 2738 1476 2795 convenire

194 2832 333 2898 manteau
357 2823 418 2879 talis
441 2833 482 2879 cst
504 2826 573 2898 apud
597 2843 647 2880 nos
670 2825 750 2880 etiam
774 2842 865 2880 rerum
888 2825 955 2881 «iulo
979 2826 1113 2885 onmium.
1138 2832 1210 2880 tantu
1233 2832 1260 2880 et
1282 2823 1440 2879 reverentia.

257 2908 339 2983 l'olp
348 2927 466 2982 pragen
475 2929 490 2962 o
501 2928 525 2964 n.
563 2909 632 2976 Quin
658 2910 795 2984 sequeris,
819 2909 931 2966 lleunol
954 2911 1026 2966 donn
1042 2911 1111 2985 apud
1128 2927 1169 2966 me
1186 2907 1365 2984 pernoctulais.
1389 2907 1545 2969 lectuscms.

160 2996 243 3051 nntilri
268 3003 369 3050 stratus
392 2994 458 3055 erit:
481 3012 613 3069 nimquam
636 2994 716 3050 aluus
738 2996 805 3050 ride.

259 3079 385 3135 llenno.
423 3079 584 3141 Consilium,
614 3081 678 3155 quid
702 3081 832 3153 agendum
862 3098 920 3136 eras
950 3080 1013 3135 anilii
1043 3081 1093 3143 sit,
1124 3081 1167 3136 liic
1196 3079 1358 3136 nBruuonc
1386 3079 1477 3153 cupio:

195 3164 266 3237 quod
291 3165 366 3220 iulres
390 3174 420 3220 ut
441 3165 511 3239 nprnd
536 3174 561 3221 tc
585 3183 718 3226 erraneam.
742 3166 767 3219 ei
790 3173 927 3239 pracepto
950 3163 1037 3221 lilieus
1060 3165 1169 3239 parebo.

259 3250 351 3304 Puer.
390 3250 428 3305 Tu
451 3268 511 3306 cum
534 3250 650 3324 primum
673 3249 704 3304 ad
728 3249 808 3305 liarieu
831 3250 992 3309 accesseris.
1016 3251 1137 3306 invocata
1159 3250 1201 3305 dci
1224 3251 1310 3324 gratio
1333 3267 1402 3324 opus
1417 3248 1478 3308 crit.

196 3351 250 3407 ‹qua›
273 3336 361 3390 «sirmia
384 3352 415 3389 cs
438 3336 570 3391 sententia
594 3335 739 3390 succedant
761 3334 823 3389 nui:
846 3334 942 3390 deiardc
963 3351 1024 3389 cum
1048 3336 1135 3408 ipsum
1151 3335 1250 3390 rideris
1266 3335 1393 3407 legatum.
1416 3351 1479 3408 prn-

161 3434 247 3472 mnns
271 3419 295 3473 in
320 3420 413 3475 facien}
436 3420 574 3492 procidus,
603 3417 856 3492 exiascnlulrerisque
884 3419 980 3492 pedes:
1010 3426 1066 3474 lirin
1095 3420 1134 3474 uri
1165 3420 1244 3475 ctiam
1274 3420 1350 3493 prins
1377 3418 1478 3475 dnudui

198 3503 323 3559 llartoliui
348 3504 468 3560 annanias
492 3504 583 3560 literas
606 3503 701 3560 reddes
723 3504 761 3564 ci.
790 3503 840 3560 hac
862 3504 1023 3577 praelatione
1053 3502 1175 3559 ‘llannilis
1203 3504 1353 3560 sanctitatis
1383 3512 1478 3558 vestrm

198 3596 291 3644 ot‘ator
314 3588 361 3643 lias
383 3587 475 3645 lucras
499 3589 651 3664 praescutu'.

262 3672 385 3728 lleuuo.
422 3674 500 3747 Papo
526 3674 608 3749 pedes
636 3672 785 3730 exosculari
815 3691 930 3748 eumque
960 3674 1048 3730 vircari
1082 3673 1221 3730 ‘sarrcturu'
1248 3673 1337 3729 selum
1367 3673 1547 3730 incoluntu-

198 3758 284 3812 audiri
308 3775 422 3832 semper.

165 3859 191 3898 aa
262 3843 355 3898 lunen.
393 3844 424 3899 Et
448 3845 523 3905 lunc.
548 3846 610 3919 quia
632 3844 770 3901 l'ontillcis
792 3862 935 3918 personum
959 3845 1043 3917 perit,
1068 3845 1168 3919 qnippe
1191 3843 1310 3916 legatus.
1334 3844 1402 3900 idem
1423 3842 1480 3899 deri

198 3929 330 3984 ctariveuit.

262 4013 387 4068 llenno.
423 4014 507 4071 l‘edes
530 4013 701 4072 exosculatus
725 4016 803 4071 luero
826 4014 955 4072 libentius
983 4013 1068 4071 multo
1098 4032 1176 4090 quam
1204 4015 1340 4090 podicem,
1368 4013 1482 4070 niaxime

200 4100 245 4155 ulai
269 4116 359 4172 apeme
382 4101 511 4172 precium.

263 4184 356 4239 Puer.
394 4183 425 4239 Et
447 4203 507 4240 eum
532 4203 640 4259 (pariaque
663 4185 685 4240 si
709 4185 797 4246 voles.
825 4185 926 4242 lleuuo.

167 4285 191 4324 aa
267 4269 386 4323 llenun.
425 4272 530 4344 Apage.
553 4271 651 4342 pruris.
696 4271 747 4326 lam
772 4272 876 4328 introiit
898 4272 969 4330 lt‘dt's
990 4270 1188 4346 Polypragmou
1212 4271 1283 4347 ipse.
1307 4286 1483 4345 assequamur

201 4436 303 4444 Q...-

271 4537 281 4570 ⁷
300 4543 392 4586 nostru
406 4542 431 4588 3.
458 4535 573 4588 ‘tuentio
592 4543 692 4588 vestrm
711 4555 753 4590 me
772 4540 969 4590 recommeudo'
991 4541 1080 4591 Itoltee
1096 4543 1208 4607 profert.
1262 4539 1284 4572 ¹⁰
1299 4540 1391 4592 Plant.
1407 4541 1482 4591 Pers.

202 4624 238 4673 11.
255 4625 321 4684 42²¹·
396 4621 417 4654 ¹²
435 4623 537 4688 decipe
593 4624 705 4674 crimine
720 4661 737 4675 ..
752 4623 855 4690 omnes]
875 4626 978 4691 Vergil.
992 4627 1059 4676 Aen.
1075 4627 1108 4676 ll.
1122 4627 1164 4677 65.
1177 4643 1217 4691 sq.
1284 4626 1304 4659 ¹⁹
1321 4632 1337 4678 t.
1349 4644 1372 4676 c.
1392 4626 1484 4690 lyncei

201 4707 223 4739 ²³
241 4706 318 4774 urbe]
338 4707 460 4758 Colonia.
512 4706 534 4741 ²⁷
553 4724 605 4773 quo
624 4711 650 4758 3.
668 4713 724 4759 ecr't.
743 4708 796 4775 qud
815 4714 838 4760 1.
875 4712 934 4762 Mos
953 4711 1072 4761 adeundi
1090 4712 1270 4776 pontificios..
1303 4709 1485 4761 ⁸⁰Rusticoe.·
