3382 5370
384 382 447 432 xll.
517 396 662 432 naturasve.
731 397 870 431 urnrmovs
891 397 1065 431 arrarunrera
1090 378 1265 443 (rossanus).
1391 366 1465 436 4Ῑῖ

186 562 286 612 tencre
310 553 422 630 potest?
454 558 504 612 aut
526 570 584 612 mm
606 552 673 611 licet
694 553 784 611 armis
806 570 859 630 per
881 552 1015 612 iniuriam
1039 552 1173 630 adempta
1196 553 1285 611 armis
1306 569 1359 629 per
1381 568 1468 611 occa-

186 656 296 714 sionem
320 656 471 732 repeteret
505 672 599 731 neque
622 661 707 732 puto,
737 661 837 714 contra
860 660 992 714 naturam
1023 672 1089 714 cum
1118 654 1154 712 sit
1177 671 1211 711 ex
1235 651 1327 712 lilrero
1349 671 1465 712 serrum
1514 656 1520 668 ‘

186 757 266 823 lteri.
300 763 402 815 contra
430 755 510 832 leges
536 774 600 816 esse
628 756 736 816 dehere
764 756 800 815 ad
830 764 941 815 naturae
963 755 1072 816 donum
1095 757 1258 834 respicere:
1292 775 1324 814 ea
1348 755 1466 815 clerrunn

186 858 258 918 ledes
281 865 337 926 est,
371 876 427 936 qua
456 858 560 918 «lamus
581 859 659 936 ‹qarod
682 858 832 918 clelnnuus.
877 860 937 934 alge
965 865 1075 928 autem,
1110 859 1174 936 qum
1196 865 1253 917 taur
1278 858 1390 917 taltorta.
1412 863 1534 936 pa-tos.

165 962 262 1020 otiens
284 978 348 1020 esse
374 959 475 1028 debet.
512 966 543 1019 ut
572 979 605 1020 ea
635 961 708 1020 lerat
736 978 801 1038 quae
828 961 857 1018 in
879 960 1035 1020 Germania
1064 959 1208 1019 lac-ielraut
1236 957 1359 1018 llomaui
1389 965 1468 1027 tuuc,

185 1079 308 1140 (quaque
332 1063 441 1129 l'arus,
465 1061 553 1120 lrorno
576 1063 707 1122 omnium
730 1069 800 1141 pauo
823 1079 897 1140 quos
920 1069 998 1122 terra
1021 1061 1143 1139 protulit
1164 1062 1351 1121 avarissimus
1374 1068 1403 1120 et
1424 1063 1468 1121 in·

185 1165 371 1241 iquissimns‘l
403 1164 452 1242 qui
475 1182 541 1224 cum
565 1164 676 1242 Syriam
700 1171 766 1223 ante
788 1162 941 1241 spoliando
969 1165 1215 1231 circumrasisset‚
1249 1164 1411 1222 Germanos
1434 1181 1468 1222 ex

185 1272 246 1324 toto
269 1283 443 1325 consumere
465 1266 627 1343 peculando
650 1267 828 1333 instituerat:
853 1265 949 1343 ibique
972 1285 1005 1325 ca
1029 1265 1083 1324 luit
1104 1264 1241 1343 snperlria
1265 1272 1294 1323 et
1313 1266 1401 1324 animi
1417 1267 1469 1324 irn-

185 1368 330 1445 poteutia,
361 1373 392 1427 ut
420 1374 517 1427 rnerrte
544 1369 712 1445 conciperet
740 1367 847 1427 bestias
876 1385 940 1427 esse
962 1369 1125 1427 tlerrnanos
1152 1373 1180 1426 et
1207 1367 1319 1426 ratione
1341 1368 1469 1426 carentia

153 1489 176 1527 ur
187 1469 288 1537 bruta,
312 1488 371 1528 nou
394 1468 543 1538 homines,
566 1488 661 1548 neque
683 1469 772 1528 callam
794 1477 904 1528 tantam
927 1487 991 1530 esse
1013 1469 1213 1544 indignitatem
1238 1488 1324 1547 aquarn
1340 1469 1467 1528 aversari

186 1590 239 1631 nos
261 1572 381 1631 deceret
401 1579 451 1631 aut
473 1581 574 1631 eontra
597 1590 685 1650 qrrum
706 1572 852 1631 resistere.
897 1572 993 1649 itaque
1015 1569 1086 1630 nihil
1109 1570 1242 1630 aurerrtiae
1269 1588 1329 1629 suae
1357 1577 1468 1648 tempe·

185 1677 274 1742 rau-it,
298 1691 385 1734 omne
408 1674 547 1748 flagitium
571 1682 600 1732 et
621 1691 708 1733 onrne
730 1690 819 1733 ausus
841 1680 884 1733 est
899 1672 1003 1733 scelus.
1041 1674 1227 1749 Quapropter
1242 1689 1297 1749 ego
1314 1670 1382 1730 illud
1400 1679 1538 1731 «eonion.

186 1777 312 1835 consciri
335 1775 465 1843 lacimrs,
490 1792 547 1833 aron
571 1792 640 1852 erga
663 1773 806 1853 legitimos
828 1774 962 1834 dominos
984 1774 1072 1834 tidem
1093 1773 1197 1841 fefelli,
1226 1774 1278 1833 sed
1302 1780 1403 1833 contra
1426 1774 1469 1832 iu·

187 1878 352 1955 iquissimos
374 1885 513 1956 tyrannos
536 1877 580 1936 ius
602 1878 703 1953 patriae
726 1883 754 1935 et
776 1894 932 1937 commune
955 1877 999 1935 ias
1020 1876 1141 1935 obtinui.

156 1997 179 2035 ra
252 1999 356 2040 anuos
394 1978 524 2055 lugernre
547 1996 679 2038 caussam
701 1986 812 2038 tutatus
834 1984 892 2047 cst,
916 1979 1007 2038 etsie
1030 1994 1085 2053 ego
1108 1979 1240 2037 existimo
1264 1980 1409 2038 neminem
1432 1979 1470 2038 ita

189 2080 271 2142 alteri
295 2100 366 2159 pace
388 2080 561 2141 obstrictum
585 2098 665 2150 esse,
695 2088 727 2140 ut
753 2080 862 2139 talilrus
888 2081 1017 2157 percitus
1043 2079 1154 2138 cariosis
1176 2079 1321 2139 rarrrtaudau
1344 2080 1389 2139 ius
1411 2098 1470 2140 uon

189 2182 302 2242 trabeae

252 2304 363 2345 sciero.
402 2284 438 2344 tlt
458 2292 556 2345 tamen
580 2284 730 2362 perlldiarn
754 2285 893 2344 oldiciuut
916 2284 984 2344 lauie
1007 2285 1113 2351 riustri,
1142 2302 1176 2342 ac
1204 2283 1289 2342 rriuris
1311 2282 1469 2343 crudeliter
1481 2285 1538 2335 §.⁵³-

189 2387 300 2447 ridetur
324 2385 475 2446 Varianam
498 2388 664 2446 exercuisse
686 2387 844 2446 victoriam.

153 2504 179 2543 ro
252 2508 408 2549 aruimus.
445 2488 570 2553 Eadem.
602 2488 714 2567 Scipio,
743 2489 855 2547 ratione
877 2488 981 2566 perlidi
1005 2487 1124 2547 luerunt
1146 2487 1334 2566 tyrannicidae
1364 2486 1471 2565 rrlrique

190 2609 291 2649 omues
313 2598 342 2649 et
364 2591 463 2666 patriae
484 2589 625 2650 libertatis
647 2590 833 2658 adsertores:
856 2592 943 2651 vestri
967 2590 1128 2668 prasertim
1152 2589 1201 2666 qui
1216 2588 1392 2668 Tarquinios
1414 2591 1471 2649 eie·

191 2701 309 2759 cerunt,
345 2700 374 2750 et
395 2690 537 2751 Caesarem
560 2693 785 2761 interfecerunt,
820 2711 854 2753 ac
876 2710 1020 2752 summam
1043 2691 1080 2752 olr
1103 2691 1132 2751 id
1154 2689 1285 2757 laudem.
1319 2692 1471 2767 sempiter-

190 2811 257 2853 nam
281 2795 356 2853 iuter
379 2811 429 2852 sos
451 2792 573 2871 gloriam
596 2795 746 2853 consecuti
768 2801 845 2853 smn.
879 2793 1006 2872 denique
1028 2811 1131 2855 eorum
1154 2801 1195 2853 est
1220 2792 1341 2871 pertidia
1364 2795 1412 2871 qni
1435 2792 1471 2852 ad

190 2895 316 2954 terrama.
349 2904 445 2955 motus
473 2903 607 2973 spectant
636 2902 665 2954 et
694 2895 862 2956 arrrrtaltilem
895 2895 931 2956 ad
960 2897 1015 2956 hos
1041 2894 1128 2956 llderu
1165 2896 1391 2955 circumierunt:
1426 2914 1473 2955 me

154 3013 299 3056 racaussae
322 2999 441 3076 aequitas
464 3005 563 3057 ctcrrrtra
587 2998 725 3058 adversos
747 3016 864 3077 quoque
887 3017 972 3058 casus
993 2999 1045 3058 uiti
1067 2996 1203 3075 perpulit.
1238 2998 1319 3058 llicat
1335 2999 1387 3055 iste
1404 3016 1472 3056 roro

189 3098 296 3168 Minos,
320 3099 406 3158 talem
428 3107 546 3176 tamque
568 3101 764 3178 importunam
781 3097 912 3168 erintilii
933 3100 1113 3160 atrocitatem
1136 3119 1172 3159 an
1188 3117 1248 3159 non
1264 3098 1374 3159 licuerit
1393 3100 1472 3165 milri,

190 3219 255 3259 cum
279 3202 461 3259 crcrcasionern
484 3201 523 3260 dii
546 3201 729 3269 trilmisseul,
754 3200 807 3260 alia
832 3202 954 3261 irnicem
977 3204 1127 3262 atrocitate
1149 3203 1263 3278 prrrdre.

254 3322 357 3363 ursos
396 3301 525 3372 Cerrseo,
549 3300 638 3362 licuit.
1481 3306 1539 3355 §.at

255 3424 420 3464 crassiana.
459 3404 535 3465 Ecce
562 3412 657 3464 aulem
688 3405 737 3483 qui
766 3405 855 3463 iactas
884 3403 954 3463 nillil
983 3411 1042 3462 tarn
1073 3404 1271 3463 raecessarium
1295 3401 1346 3461 lilii
1369 3405 1471 3471 risum,

156 3518 183 3555 :to
193 3506 262 3583 qum
285 3506 385 3582 patriae
406 3506 534 3566 studium
557 3507 725 3583 pervicerit,
760 3512 855 3566 tauron
880 3523 1003 3583 reguum
1033 3506 1184 3564 allectasse
1212 3504 1332 3569 diceris,
1367 3513 1395 3561 et
1425 3505 1473 3581 qui

191 3606 317 3667 alienum
340 3608 474 3683 gloriaris
496 3608 645 3667 arrrcditum
670 3616 696 3667 te
719 3609 819 3685 iugmn
849 3626 865 3666 a
894 3606 1099 3685 popularibus,
1134 3612 1216 3665 turnn
1249 3604 1351 3664 iisdem
1380 3607 1474 3664 inlam-

191 3710 271 3775 tasd,
306 3710 383 3786 quam
406 3708 488 3768 nelas
511 3709 539 3768 in
563 3728 660 3769 araceum
683 3711 811 3770 anianum
833 3728 982 3787 rnruquam
1006 3707 1126 3773 recidit,
1161 3714 1192 3765 ut
1222 3705 1264 3764 rel
1294 3706 1381 3765 leuius
1403 3725 1473 3783 ergo

191 3813 322 3889 proponi
344 3811 405 3888 ipse
428 3810 477 3871 titt
500 3810 632 3871 debeam.

254 3932 412 3972 arescamus,
450 3911 567 3973 llliuime
590 3920 619 3972 tu
643 3912 759 3991 quidem
781 3913 857 3972 lraue
879 3912 917 3971 crlr
940 3930 1072 3980 causam,
1096 3910 1238 3989 siquando
1260 3911 1336 3987 apim
1360 3928 1391 3971 se
1407 3912 1542 3971 essolet

159 4012 267 4072 :recolet
292 4013 338 4073 lde
360 4013 467 4073 lliuos:
502 4032 569 4074 narn
592 4032 714 4089 reginum
738 4013 908 4091 capessendi
931 4030 1079 4092 nunquam
1109 4013 1178 4073 anilii
1205 4011 1310 4089 cupido
1340 4013 1473 4081 incessit:

193 4114 243 4173 sed
268 4116 319 4175 luit
344 4116 528 4176 inimicorum
552 4135 585 4175 ea
615 4116 721 4175 insidia
749 4135 814 4194 qum
842 4116 1037 4193 suspicionem
1067 4115 1143 4175 lranc
1169 4114 1336 4174 lroruiuilrus
1367 4116 1472 4175 iniecit.

259 4368 266 4400 ¹
286 4368 375 4417 teneri
395 4371 418 4420 d.
431 4375 455 4416 et
467 4385 489 4418 c.
507 4373 544 4421 ll.
555 4370 632 4432 falari.
685 4367 706 4400 ²⁶²
728 4370 756 4418 In
775 4371 833 4418 edd.
844 4370 902 4431 sere
915 4369 1025 4418 ornnidur
1041 4386 1177 4434 perperam
1194 4370 1313 4432 scriplum
1326 4376 1378 4418 est:
1396 4371 1472 4419 Min.

193 4454 313 4511 (ferrsee,
340 4453 419 4501 licuit
436 4454 598 4503 Hannibali,
635 4456 708 4503 licre
732 4462 779 4502 etr.
812 4455 906 4503 Iamlam
928 4456 1071 4503 clier'sioaem
1094 4456 1164 4503 dedit
1183 4454 1360 4503 dledurrdtdon
1379 4454 1432 4516 led.
1446 4471 1470 4503 a.

194 4538 276 4586 tanta
294 4541 345 4587 ric:
364 4537 439 4587 Min.
454 4538 568 4589 Censeo.
589 4538 676 4587 licuit.
708 4539 850 4587 lluunilr.
872 4540 943 4588 llere
962 4546 1009 4588 ele.
1040 4539 1185 4589 Mlinelrius
1198 4539 1225 4586 iu
1239 4540 1316 4587 llult.
1330 4538 1399 4603 Opp.
1420 4538 1472 4587 fat-

190 4640 246 4672 sam
267 4624 429 4672 divisionem
448 4624 595 4688 expressit,
622 4639 681 4671 (aaran
702 4640 772 4672 orario
791 4630 854 4672 unte
874 4624 900 4672 iu
920 4624 1084 4673 Gcerrrrunico
1103 4638 1151 4672 suo
1169 4622 1293 4688 exemplo
1311 4622 1411 4672 irratam
1430 4640 1471 4672 sc·

189 4716 268 4758 entus
287 4715 369 4757 esset.

249 4794 378 4843 llvrrnur
398 4792 611 4848 Orr.ror..llll.
1211 4792 1251 4853 Ἡ
