3382 5370
411 368 458 418 XI.
528 383 685 417 rannerus.
755 382 892 418 ninnuuvs
913 383 1093 420 rrrrreurcvs.
1118 366 1205 432 (tato.)
1369 353 1433 425 391

167 539 268 616 pitius;
291 538 408 616 tptidam
430 539 510 616 regio
532 538 650 606 nrurbo,
680 537 753 598 alius
784 538 879 605 lebre,
909 536 1037 598 nonnulli
1060 539 1156 600 sealde
1179 547 1206 599 et
1228 538 1375 599 ulceribus
1404 540 1438 600 ad

167 642 210 700 sui
234 639 343 700 rultum
364 639 496 699 homines
518 647 639 717 eogtntt;
670 647 713 699 est
741 641 790 717 qui
811 658 895 698 sattro
917 641 977 715 igni
998 639 1130 700 nredelur
1152 643 1315 709 inroratus,
1339 649 1367 700 et
1388 642 1439 701 do·

167 742 258 802 iorem
281 742 411 802 dentium
433 741 510 820 quod
526 743 637 819 mitiget
651 742 798 802 inventum
814 759 920 802 uurrreu
938 749 989 800 est.
1024 744 1088 820 quis
1103 744 1211 820 putum
1226 751 1321 804 autem
1337 743 1441 803 morbo

167 843 291 911 Gallico,
314 842 450 903 omnibus
470 851 550 903 retro
572 842 684 903 saeculis
706 844 851 920 incognito
874 842 965 911 utalo,
989 844 1165 920 peculiarem
1188 852 1216 904 et
1237 853 1362 905 retorem
1379 863 1442 905 esse

147 946 273 1006 sdettm?
302 956 331 1006 et
351 953 448 1005 tamen
470 946 637 1005 irnenerunt
662 945 716 1004 isti.
758 945 914 1022 quinetiam
937 952 1106 1021 tempestate
1129 954 1227 1006 nostra
1249 947 1389 1025 quosdmu
1412 948 1439 1005 in

167 1048 246 1107 dirus
268 1047 431 1108 retulerunt
451 1046 556 1107 intubi.
590 1045 669 1106 Talia
691 1052 758 1106 sunt
780 1047 936 1124 quaerendo
959 1045 1040 1106 luero
1063 1047 1245 1108 sacerdotum
1274 1044 1429 1131 Ηῆξξῖξξρζ
1443 1059 1507 1105 nter.

166 1151 295 1227 ingenia:
328 1151 412 1209 etiarn
435 1167 500 1226 quae
521 1149 644 1208 lortunu·
667 1166 730 1208 esse
752 1148 927 1217 ereduntur,
955 1168 970 1208 a
1000 1150 1086 1209 teertis
1108 1149 1180 1209 diris
1203 1157 1232 1208 et
1253 1157 1352 1226 petere
1374 1148 1440 1209 reli·

166 1253 212 1327 giu
235 1258 279 1310 est
301 1258 329 1310 et
351 1251 517 1328 deprecari,
540 1250 664 1318 divitias,
688 1249 794 1318 robur,
822 1251 959 1317 lerinum,
989 1250 1199 1311 diuturniorem
1223 1252 1322 1320 ritant,
1352 1253 1441 1328 eapti·

167 1353 294 1419 ritatem,
318 1352 466 1421 irueudia,
490 1353 687 1429 naufragium,
711 1358 834 1413 mortem
863 1359 891 1412 et
913 1352 1005 1412 subita
1029 1352 1141 1419 omnim
1164 1352 1218 1411 soli
1236 1353 1350 1413 Christo
1371 1350 1441 1412 nibil

135 1452 299 1514 torelietunr
322 1461 379 1523 est,
413 1453 493 1513 solus
515 1457 539 1514 is
561 1455 654 1513 omnis
677 1456 739 1532 opis
761 1462 847 1531 atque
875 1453 971 1514 auxilii
1000 1456 1092 1514 inertis
1121 1462 1172 1515 est.
1217 1456 1254 1514 ita
1315 1451 1440 1529 gfflq‘fij

165 1557 307 1633 antiquari
329 1557 477 1633 patitmtur
499 1557 561 1616 eius
582 1557 768 1624 memoriam,
791 1573 886 1634 neque
908 1555 994 1616 deunr
1017 1562 1174 1634 precauttu·
1196 1574 1274 1615 uutio
1295 1555 1436 1624 homines,

164 1658 215 1718 sed
238 1658 273 1717 ad
296 1675 369 1716 nora
392 1655 438 1717 illa
467 1659 584 1718 minima
611 1658 719 1735 passim
746 1666 940 1728 roneutrunt,
975 1658 1057 1734 quasi
1083 1659 1121 1717 ita
1149 1655 1196 1718 ille
1225 1658 1342 1717 virtutes
1371 1676 1438 1717 suas

165 1758 228 1819 aliis
250 1758 387 1835 elargitus
408 1761 458 1828 sit,
482 1766 514 1821 ut
534 1778 565 1819 se
587 1760 702 1837 penitus
724 1759 896 1819 erltauserit.
924 1759 1030 1819 laedunt
1045 1766 1140 1819 autum
1156 1761 1326 1820 eonnuentis
1340 1758 1497 1824 lidemtrrs

166 1879 230 1939 quai
253 1878 368 1938 semper
384 1863 539 1939 contigisse
553 1869 709 1922 narrantur
725 1860 877 1928 mirarula,
901 1879 1048 1939 nunquam
1065 1862 1232 1937 contingen·
1254 1858 1261 1944 Ι
1284 1883 1437 1919 sumemus

132 1964 203 2023 ntia
231 1962 439 2032 ostenduntur;
473 1971 502 2022 et
530 1970 625 2023 tamen
654 1980 841 2041 permagnam
869 1962 909 2023 ibi
936 1970 1064 2040 segetem
1092 1970 1205 2022 uretuut
1231 1962 1340 2024 artibus
1368 1981 1440 2040 quas

166 2073 286 2134 norunt,
310 2068 410 2126 astutis
433 2065 565 2144 quidem,
588 2064 640 2126 sed
662 2084 734 2142 quas
755 2064 837 2125 laede
858 2063 1053 2142 intelligerent
1068 2066 1218 2133 Germani,
1242 2066 1296 2124 uisi
1311 2063 1438 2142 plumbei

165 2172 262 2227 essent
283 2166 369 2245 vulgo
392 2167 563 2228 intellectus,

227 2289 401 2330 nnacuroa.
439 2269 528 2329 lidem
551 2268 639 2329 eredo
661 2274 869 2347 persuaserunt
889 2267 973 2329 uubis
991 2268 1099 2347 ubique
1120 2284 1257 2347 pompam
1279 2263 1285 2350 Ι
1320 2266 1438 2343 ξ’ξςῇξξυξῇ·

165 2388 266 2448 agere,
290 2370 366 2448 quod
390 2370 575 2430 commodum
598 2370 651 2429 sibi
674 2369 793 2430 atllerut.

130 2490 156 2527 ro
230 2491 400 2533 reversura.
438 2470 544 2532 lident:
577 2478 663 2552 atque
696 2472 762 2533 ltine
796 2470 843 2532 illa
875 2480 956 2540 sum,
991 2491 1057 2532 etrtu
1089 2471 1272 2550 baptizantur
1294 2472 1507 2541 infantesque.

166 2576 319 2650 inagniliea
342 2573 487 2643 convivia,
510 2572 565 2633 illae
587 2573 781 2635 intolerabiles
803 2574 859 2634 iarn
882 2573 957 2634 ultra
979 2575 1115 2634 lunerum
1138 2574 1288 2652 impensa:
1312 2575 1439 2634 rertduut

166 2683 272 2735 terram
296 2674 473 2753 sepulelnis,
497 2683 583 2752 atique
606 2695 640 2736 eo
661 2677 782 2754 propius
804 2682 950 2737 mortuum
967 2695 1111 2755 quemque
1126 2677 1227 2736 iulurri
1249 2671 1255 2758 Ι
1277 2673 1438 2751 lssffil'w'·

165 2777 241 2855 apud
263 2797 295 2837 se
318 2778 480 2854 patiuntur,
511 2796 569 2854 equo
597 2776 662 2854 plus
689 2796 876 2839 nummorum
904 2778 1038 2847 eontulit;
1066 2777 1115 2839 ubi
1143 2785 1202 2838 tota
1231 2795 1438 2856 nonuunquam

165 2878 272 2955 praedia
295 2880 493 2955 expiseantur,
517 2887 546 2939 et
568 2897 655 2956 agros
676 2898 711 2940 ae
732 2878 812 2939 villas
833 2881 869 2942 ad
891 2899 922 2941 se
944 2882 1128 2958 conquirunt.

132 2999 157 3036 :u
231 3000 426 3041 rannersevs.
464 2980 546 3051 Ortod
569 2980 686 3059 quidem
707 2982 760 3042 iste
782 2982 858 3042 norit
879 2983 987 3059 optime
1009 3002 1043 3042 er
1066 2982 1206 3042 Fueberis
1228 2979 1507 3066 lssdlil‘ledladd't-fflb

166 3083 240 3150 suis,
274 3100 349 3159 iquos
375 3083 608 3143 reverentissime
636 3082 745 3142 babent
770 3082 824 3152 illi,
861 3085 927 3162 quia
954 3083 991 3143 ab
1019 3085 1061 3144 eis
1092 3083 1236 3144 donantur
1269 3084 1438 3143 rutmiliren·

164 3184 280 3243 tissime.
327 3182 414 3252 tttuu,
449 3182 587 3253 liutberto,
620 3185 712 3245 vidisti
743 3186 879 3262 Augustae
906 3185 1124 3246 Ftteeberorunr
1157 3184 1312 3264 aliquando
1345 3181 1440 3262 sepul·

164 3285 285 3345 elnurnl

229 3407 398 3449 uvrrnnvs.
433 3389 504 3457 Quis
525 3405 583 3447 uon
607 3386 691 3446 uidit?

131 3503 156 3541 δυ
229 3508 425 3551 rauucrsevs.
461 3489 496 3549 tu
517 3495 680 3549 extructum
704 3489 759 3548 est!

227 3611 396 3652 nituisses.
441 3591 564 3668 liegium
597 3592 626 3650 in
659 3608 779 3650 trunam,
834 3591 884 3650 sed
923 3589 999 3649 bene
1031 3590 1191 3650 tirrrnelitis
1224 3591 1313 3659 aedit,
1353 3599 1439 3669 atque

166 3693 251 3770 igitur
274 3693 320 3768 pio
343 3690 412 3752 illud
436 3710 586 3752 uturnmre
608 3698 637 3752 et
659 3694 730 3753 mire
753 3693 866 3753 sonoris
889 3690 1005 3752 euttidie
1028 3691 1154 3768 pterulis
1183 3693 1436 3769 eireumstreptmt.

234 3928 241 3960 ¹
261 3946 318 3995 reg.
333 3927 427 3994 morb]
447 3930 536 3979 letero
555 3946 576 3979 s.
596 3930 687 3979 morbo
711 3934 825 3994 arquato
844 3931 903 3994 quis
922 3934 1033 3979 sanctus
1046 3930 1186 3980 medentur
1198 3930 1322 3995 equidem
1336 3931 1438 3991 neseio,

165 4016 281 4064 tortasse
305 4020 361 4064 tres
384 4030 471 4078 reges.
507 4015 549 4063 lte
572 4014 706 4064 comitiali
730 4014 820 4065 morbo
843 4030 864 4063 s,
888 4013 1021 4080 epilepsia
1045 4014 1071 4063 S.
1090 4015 1263 4064 Valentinum
1287 4016 1312 4065 ei
1337 4017 1439 4066 mederi

164 4101 306 4150 notissirna
325 4105 441 4159 retreat,
462 4114 541 4163 equom
561 4100 648 4163 ipsum
667 4099 780 4163 vulgare
799 4099 884 4148 morbi
904 4114 1000 4150 nomen
1021 4104 1176 4150 attestatur.
1240 4099 1321 4166 febri]
1342 4103 1367 4149 S.
1389 4103 1438 4150 Pe·

164 4184 280 4234 tronella
304 4189 332 4233 ot
350 4182 476 4233 Salvator
499 4185 533 4233 ab
559 4185 657 4243 Horta,
687 4185 898 4233 Franciscanus.
968 4182 1140 4249 ambiente]
1165 4184 1192 4234 S.
1217 4185 1437 4250 symphorianus,

164 4272 229 4319 item
249 4270 274 4316 S.
295 4267 402 4317 lioebus
421 4274 448 4317 et
467 4268 512 4317 SS.
527 4268 638 4318 Cosmus
662 4275 690 4319 et
709 4271 872 4331 Uitalianum
903 4271 968 4319 item
992 4269 1018 4318 S.
1043 4270 1115 4319 lliob
1140 4286 1173 4319 nc
1197 4270 1332 4320 Martinus
1354 4271 1437 4320 'l'uro-

165 4354 265 4403 nensis.
319 4351 467 4417 ulceribus]
488 4352 610 4402 etiams..
625 4353 778 4418 Stephanus
798 4359 825 4402 at
837 4354 864 4403 S.
878 4354 1016 4416 Quirinus.
1068 4351 1079 4384 ²
1096 4370 1175 4405 sacro
1192 4353 1262 4421 igni]
1281 4371 1302 4405 s.
1316 4355 1438 4421 scapulis

161 4440 187 4488 S.
203 4439 374 4488 Laurentina.
420 4437 451 4470 ²¹³
470 4436 650 4502 detondent]
670 4437 696 4486 S.
711 4438 863 4504 Apollonia.
910 4437 941 4469 ³¹⁸
959 4439 1050 4489 morbo
1069 4438 1151 4505 Gall]
1171 4441 1197 4490 ὃ.
1216 4440 1436 4506 symphorianus,

161 4525 188 4573 S.
207 4523 329 4583 Rochus,
356 4524 404 4574 lob
423 4528 450 4574 et
467 4524 643 4573 S.l*'iaerius.
673 4523 709 4573 ef.
727 4524 831 4573 ilutten
855 4524 888 4572 do
912 4523 1028 4574 Gnatae.
1049 4524 1095 4575 lib.
1115 4541 1176 4591 cap.
1192 4524 1213 4574 l.
1276 4524 1435 4592 ⁴vaterem}

162 4611 190 4658 S.
203 4610 311 4659 lioebus
329 4608 347 4669 †
367 4626 391 4658 n.
408 4608 489 4666 1327„
508 4608 592 4657 morbi
606 4608 706 4657 Grilliei
725 4624 821 4658 nomen
841 4614 960 4673 tempore
977 4610 1155 4660 Huttenianar
1177 4611 1305 4677 pueritiae
1323 4612 1438 4678 primum

163 4695 285 4744 auditum
305 4701 354 4743 est,
389 4692 409 4727 ²¹
430 4692 629 4743 intollerabiles
648 4697 671 4742 1.
