3382 5370
225 742 271 792 §.3-

278 377 350 448 596
713 403 828 439 ttrtnoot
848 404 1116 439 rsuvnouvrrsxrcr.

277 566 336 628 cio.
359 566 392 621 iis
414 565 465 621 beo
487 563 657 625 muneribus:
681 563 745 636 quin
768 571 795 620 et
817 580 926 620 vcuearn
948 562 1052 625 tribuo,
1076 570 1103 618 et
1125 578 1279 635 anogaeuui.
1303 567 1331 616 et
1346 559 1587 635 pentesiriucou‚

280 660 308 708 et
330 651 353 706 si
376 668 436 724 quas
457 658 519 706 sunt
542 649 574 704 iis
596 649 675 704 etiarn
697 647 847 703 crudeliora
868 647 1021 704 carnidcuin
1044 648 1229 703 iustrumenta.

343 735 525 791 llutteous.
562 733 646 789 Alteri
668 732 774 788 dederis
795 733 844 789 bas
866 732 1016 794 mercedes.
1039 749 1093 788 nou
1116 732 1188 787 ruilii.

342 820 493 875 Veritas.
530 818 584 874 lino
606 827 634 874 et
656 817 714 873 tibi.

342 904 524 960 Huttenus.
560 905 595 958 at
617 920 667 976 ego
690 903 817 976 recipiam
840 918 1015 976 nequaquam.

343 989 494 1046 Veritas.
531 987 598 1056 outa
621 988 643 1043 si
666 996 692 1043 te
713 985 889 1061 compulere?

346 1074 368 1129 ll
377 1082 529 1130 uttenus.
565 1073 624 1129 Non
646 1090 687 1128 nie
710 1071 870 1146 compelles,
894 1072 962 1128 liber
984 1089 1052 1128 suni.

345 1159 492 1215 Veritas.
528 1158 616 1213 Audes
639 1157 723 1232 igitur
745 1155 876 1231 repellero
899 1175 994 1214 ironico
1017 1164 1045 1212 et
1067 1157 1163 1212 laniarn
1187 1155 1378 1211 inmortalem?

345 1242 528 1300 lluttenus.
565 1242 652 1298 llaliru
675 1259 766 1299 cerere
789 1242 837 1297 bac
859 1241 955 1314 glorio.

346 1327 493 1385 Veritas.
531 1327 651 1401 Recipies
673 1327 746 1389 scio,
770 1327 825 1383 scio
848 1327 971 1402 recipies.

345 1413 526 1469 lluttonus.
562 1412 743 1485 Nequaquam.

268 1540 274 1553 .
348 1497 494 1554 Veritas.
531 1497 585 1559 uh,
609 1497 667 1551 siue
690 1514 743 1570 quo
767 1495 872 1570 palpem
894 1505 975 1570 atquc
997 1496 1122 1553 ‹lelinianr
1146 1504 1172 1552 tc
1194 1495 1336 1552 modicum.

345 1582 528 1638 lluttenus.
566 1581 593 1636 Si
616 1599 679 1654 spes
701 1589 773 1637 essct
794 1580 935 1656 depulsura
959 1581 990 1636 iri
1014 1582 1128 1656 patriani
1150 1581 1316 1636 servitutem.

346 1667 492 1723 Veritas.
529 1667 659 1722 Prorsus:
683 1683 743 1722 narn
767 1665 792 1721 id
815 1667 842 1721 in
865 1667 1004 1740 procinctu
1021 1676 1077 1729 ost,
1101 1666 1180 1722 inodo
1197 1663 1296 1739 pusillo
1312 1664 1403 1720 aniano
1420 1681 1455 1720 ne
1474 1663 1578 1719 lucris.

344 1751 531 1808 lluttenus.
567 1751 631 1807 Cum
654 1750 724 1806 inula
747 1752 866 1824 peperit.
890 1751 984 1806 velud
1007 1752 1111 1807 Graecas
1133 1749 1265 1807 calendas.
1588 1762 1613 1802 ss

345 1836 496 1893 Veritas.
532 1838 566 1890 At
589 1852 649 1909 ique
667 1835 775 1908 Tripyro
799 1836 905 1908 peperit
927 1834 1013 1897 inula.
1036 1844 1115 1910 putas
1137 1852 1171 1891 ue
1194 1835 1312 1909 paritura
1336 1835 1371 1889 sit
1394 1843 1422 1890 ct
1448 1833 1523 1889 tibi?

346 1921 529 1977 Uettones.
566 1920 626 1976 Soio
649 1920 783 1994 anrnrlani
806 1919 914 1977 Galbam
936 1921 1025 1976 licitiae
1047 1938 1091 1976 res
1113 1938 1195 1975 novas
1217 1919 1372 1975 molientem
1402 1918 1503 1993 plures
1534 1918 1579 1973 ui·

284 2005 322 2063 bil
345 2024 421 2080 reque
443 2005 616 2062 confirmasse
647 2013 676 2060 ut
706 2003 785 2060 mulie
815 2015 936 2078 partitur:
966 2023 1056 2061 veroin
1079 2004 1159 2061 riltins
1182 2004 1343 2060 irroboravit
1366 2003 1424 2060 nee
1448 2004 1578 2060 servitus

284 2108 363 2164 quarn
386 2098 416 2146 ut
437 2088 535 2165 depelli
558 2090 660 2164 possit.
683 2090 821 2165 plasrnque
844 2091 923 2146 ctiam
946 2098 1100 2146 nostrarum
1122 2107 1213 2146 rorum
1234 2089 1376 2163 desperata
1399 2097 1477 2145 sunt.

228 2185 274 2237 §.a
348 2175 490 2232 Veritas.
527 2175 585 2231 b'on
608 2176 658 2237 ita.
681 2175 802 2232 obsecro.
1584 2189 1611 2228 ao

232 3199 276 3248 bl.

347 2261 529 2316 lluttenus.
566 2260 624 2316 b'on
646 2261 718 2316 rides
742 2269 771 2316 ut
793 2260 892 2334 passini
916 2260 1039 2316 obtinent
1062 2260 1150 2315 omnia
1172 2259 1320 2318 Curtisaui.
1344 2268 1373 2314 ut
1397 2258 1510 2314 admota
1528 2276 1577 2315 re·

285 2345 339 2402 sica
362 2346 433 2401 ouini
456 2353 484 2401 et
506 2344 629 2419 ampullis
653 2345 796 2407 indantur,
820 2346 960 2420 ridentque
982 2364 1033 2401 nos
1055 2345 1153 2401 eliani?
1182 2362 1231 2401 ricc
1253 2345 1319 2400 satis
1342 2352 1384 2399 cst
1412 2344 1576 2399 eviscerare

284 2439 313 2486 et
333 2430 484 2493 excoriare,
507 2430 557 2485 uisi
580 2431 659 2486 eliani
682 2429 784 2504 apertis
805 2431 941 2487 cachinnis
957 2448 1006 2486 nos
1022 2430 1196 2486 subsannent.
1240 2429 1349 2485 Accedit
1371 2427 1448 2500 vulgi
1472 2446 1576 2502 super·

285 2515 376 2578 stitis,
400 2514 470 2588 quod
494 2515 575 2570 toties
598 2514 679 2570 icturn
702 2515 815 2570 necdum
837 2515 920 2590 sapit:
945 2524 998 2572 tarn
1020 2515 1105 2571 inulta
1128 2515 1256 2571 hactenus
1272 2513 1345 2569 ultro
1360 2513 1493 2587 citroque
1509 2523 1576 2570 acta

285 2609 362 2662 sunt.
386 2608 413 2654 et
436 2600 545 2673 Teresia
566 2599 664 2655 caecius
687 2608 736 2654 cst.
1584 2615 1610 2655 aa

270 2719 276 2732 ·
351 2685 498 2740 Veritas.
535 2684 657 2739 Christus
680 2690 705 2738 te
729 2693 811 2744 arnet.
836 2683 967 2745 llutteue.
992 2686 1038 2758 qui
1063 2693 1182 2740 nostram
1205 2683 1339 2740 iniseriam
1356 2683 1498 2757 respiciet,
1525 2701 1577 2739 ne·

287 2787 339 2844 quc
362 2771 481 2844 patietur
503 2767 573 2823 ultra
596 2768 727 2823 dorninari
751 2767 828 2823 nobis
851 2768 897 2843 qui
920 2769 1035 2824 oderunt
1058 2786 1117 2825 uos.

349 2854 530 2910 llutteuus.
567 2853 649 2926 dtqrn
671 2852 702 2908 ad
726 2870 858 2909 susurnam
880 2855 995 2910 currerit
1018 2854 1112 2910 lastras.

349 2939 496 2995 Veritas.
533 2937 571 2995 Eo
593 2937 678 3010 magis
700 2954 730 2993 ac
752 2938 837 3011 nangis
859 2939 990 3010 agendum
1014 2938 1152 3001 consulte.
1181 2957 1214 2995 ne
1237 2939 1300 3013 quid
1324 2946 1427 2994 temere
1452 2938 1494 2994 rel
1523 2941 1576 2996 im·

285 3025 447 3098 prudenter:
472 3023 573 3078 tardius
595 3021 754 3078 auiliulaudo
777 3023 856 3078 etiarn
880 3022 988 3095 longum
1012 3024 1063 3079 iter
1084 3024 1237 3098 perficitur:
1260 3024 1324 3098 quid
1347 3041 1464 3098 usquam
1482 3025 1512 3080 in
1530 3040 1611 3082 reso

287 3109 337 3165 lius
359 3107 512 3164 rririrtalinoi
535 3107 638 3163 lirmuru
660 3126 690 3163 ac
711 3106 808 3163 stabile
830 3109 902 3181 rqrirul
925 3108 1125 3182 precipitatur?

351 3194 371 3249 ll
379 3201 530 3250 litterius.
567 3192 676 3248 luteriru
692 3211 742 3264 ego
760 3193 786 3247 in
802 3193 909 3249 exiliunt
925 3193 1050 3265 ablegor,
1074 3193 1201 3257 esibilor.
1225 3193 1398 3268 proscribor.
1422 3194 1576 3253 deroreor.

350 3279 496 3333 Veritas.
533 3280 554 3332 Α
577 3278 675 3351 (prailius
699 3277 805 3334 tauron?

349 3364 532 3419 lluttrnus.
570 3363 591 3417 u
615 3362 784 3418 llornauistis.

351 3449 495 3504 Veritas.
532 3447 623 3503 l'ideu'
647 3465 687 3503 osc
710 3447 889 3510 (auriculatorie,
913 3449 1072 3510 sauciatam,
1095 3447 1308 3505 claudicantem?

357 3717 364 3749 ¹
388 3711 513 3780 verroain]
537 3731 628 3765 omnes.
654 3732 686 3765 uu
704 3717 857 3765 venenum?
879 3719 930 3765 rior
956 3720 1006 3766 erdt
1028 3719 1214 3766 instrumentum
1236 3718 1272 3766 od
1292 3732 1368 3765 cenos
1397 3719 1579 3769 incidendos?

288 3799 442 3867 cirogreuru]
462 3791 608 3864 deciperes,
628 3802 834 3849 instrumentum
847 3806 1041 3865 superterram
1056 3799 1176 3857 elevans,
1196 3801 1281 3860 lurco,
1302 3803 1456 3866 suspensio.
1507 3820 1579 3869 pen-

287 3887 449 3936 tbisiriacon
467 3901 559 3935 omnes.
577 3877 806 3950 caesarianorum
825 3883 929 3950 liguum
952 3885 1070 3950 quinque
1094 3886 1230 3935 foramine
1248 3900 1269 3934 s.
1282 3884 1389 3935 listulas
1407 3886 1521 3938 habens
1542 3889 1580 3938 ad

287 3958 464 4022 includendos
482 3970 579 4035 pedes,
599 3985 694 4019 monus
713 3976 740 4018 ot
758 3968 867 4019 collum.
886 3969 921 4018 cf.
934 3969 1071 4035 Aristopb.
1085 3970 1168 4034 equit.
1185 3968 1256 4018 loto.
1309 3968 1330 4001 ¹⁵
1347 3986 1407 4019 eum
1428 3970 1509 4021 mula
1529 3989 1580 4038 pe·

287 4052 369 4122 perit]
389 4045 476 4105 ἐπεὰν
493 4045 608 4120 ἡμίονοι
626 4048 733 4108 τέκωσι.
752 4054 881 4105 Herodot.
896 4055 945 4103 lll.
962 4053 1015 4103 lbi.
1070 4058 1195 4120 gerensi.
1243 4054 1278 4102 od
1291 4054 1403 4103 Graecas
1424 4053 1579 4124 calendas]

288 4142 305 4189 i.
321 4157 344 4190 c.
358 4154 511 4204 uniriqunsn.
526 4139 563 4188 of.
576 4140 686 4188 Sueten.
700 4138 798 4188 Oetae.
812 4155 835 4188 c.
848 4139 890 4189 87.
962 4138 981 4170 ¹⁸
1003 4140 1118 4204 Zopyro.
1138 4139 1173 4189 cl.
1187 4138 1318 4188 llcrodot.
1331 4138 1381 4188 111.
1397 4137 1456 4189 153.
1470 4141 1580 4193 lustin.

287 4223 523 4275 inscribite.
588 4223 609 4255 ¹²
627 4220 717 4288 Gala]
737 4223 848 4273 Sueten.
862 4224 890 4272 in
904 4222 993 4273 Galba
1013 4240 1036 4274 c.
1050 4224 1074 4272 4.
1127 4219 1230 4288 Romae]
1249 4224 1298 4273 llo.
1312 4226 1335 4272 1.
1393 4222 1415 4255 ²¹
1436 4225 1582 4279 adare-

287 4306 355 4374 sies]
375 4309 406 4357 Iu
425 4309 559 4358 conviviis
577 4307 721 4356 ludebatur
738 4308 841 4358 inflatis
862 4309 963 4359 vesicis
980 4309 1164 4373 parasitorum
1183 4309 1278 4372 capita
1294 4309 1495 4373 percutiend03
1516 4312 1546 4363 n.
1561 4313 1582 4364 l.

286 4394 389 4445 vesicas
407 4400 435 4442 et
453 4392 580 4459 ampullas
597 4408 647 4458 pro
664 4393 796 4443 fastuosis
814 4393 1051 4458 sesquipedalibus
1074 4392 1166 4443 verbis
1188 4391 1265 4454 (Her.
1279 4396 1330 4441 ert.
1343 4397 1417 4458 poet.
1429 4393 1489 4459 er.)
1510 4400 1583 4463 poni

286 4477 420 4527 videntur.
471 4474 494 4507 ²⁵
510 4477 625 4526 'l'iresire
637 4476 761 4526 Thebani
780 4478 905 4539 caecitas,
923 4479 1035 4529 Iunonis
1053 4479 1102 4527 irre
1120 4477 1228 4537 debita,
1247 4478 1296 4527 sed
1314 4483 1342 4527 et
1359 4478 1512 4532 diuinandi
1532 4500 1583 4550 po-

286 4567 374 4612 testes
392 4577 409 4610 a
427 4561 491 4611 Iove
509 4561 575 4612 dats
593 4562 621 4610 in
634 4563 805 4628 proverbium
818 4562 954 4612 abierunt.
968 4563 1004 4612 cl.
1018 4564 1114 4613 Iuven.
1128 4568 1179 4612 set.
1193 4562 1443 4628 xl11.i.r.Hygin.
1458 4565 1523 4618 lab.
1538 4569 1582 4621 75.

286 4648 408 4711 interpp.
427 4644 768 4698 attondebantur&
855 4646 877 4680 ³⁰
900 4643 1013 4712 tardius]
1036 4658 1092 4698 ano
1115 4663 1147 4697 ex
1170 4646 1262 4697 multis
1285 4646 1424 4711 proverbii
1445 4649 1585 4705 ‘Festina

287 4731 369 4781 lente'
389 4731 494 4794 toruis,
514 4728 619 4782 σπεῦδε
631 4725 766 4798 βραδέως.
818 4729 840 4764 ³¹
858 4731 985 4782 morsaliir
1006 4737 1029 4782 1.
