3382 5370
190 322 237 394 58
486 341 535 390 111.
605 356 742 392 ulcerare
763 356 785 391 s.
805 356 885 394 aurea„
923 357 1070 392 uraeoors.
1090 341 1172 407 (tati.)

188 510 280 571 bilant
301 512 382 571 adire
404 510 546 588 pericula,
581 511 796 570 discriminibus
817 529 882 572 sese
905 512 1045 583 obiicere,
1079 518 1132 593 por
1159 513 1215 574 tela
1239 533 1273 574 ac
1294 532 1347 592 per
1369 514 1469 575 hostes

188 614 275 682 locri,
297 615 421 673 amicum
444 612 566 682 laedere,
590 613 816 673 necessitudines
838 632 1045 693 perrumpere,
1067 616 1155 677 fidem
1178 616 1329 684 irandare,
1353 617 1382 676 iu
1397 616 1469 676 ileos

188 722 274 794 atque
296 714 431 774 lronrines
454 713 638 793 delinquere,
674 715 743 774 dunr
772 715 840 776 bnio
870 718 974 777 civitati
1003 720 1212 796 preficiantur,
1246 718 1303 778 boe
1331 718 1468 786 olliciuur,

188 817 267 877 bunc
289 819 490 893 magistrabun
513 823 671 893 occupent,
695 816 849 895 aliquando
872 821 957 878 etiarn
982 828 1013 880 nt
1034 821 1096 881 sine
1112 821 1207 881 irnetu
1223 821 1338 880 inanem
1354 819 1470 879 titulum

189 919 291 978 ierant.
329 919 367 977 ita
397 917 475 978 talare
503 917 603 993 gloriae
631 918 758 978 studimn
786 919 947 980 aulicorum
979 923 1108 981 omnirrnr
1137 923 1240 982 animis
1261 923 1403 982 terraciter
1424 922 1491 980 ima

188 1021 292 1088 barret,
328 1028 512 1098 agrurtnrrpro
542 1019 598 1078 boe
626 1019 695 1080 llatn
725 1039 840 1080 sursum
864 1040 898 1080 ae
920 1022 1056 1082 deorsum
1081 1031 1108 1083 et
1130 1026 1158 1083 in
1182 1025 1272 1084 miros
1294 1023 1469 1084 abiiciuntur

188 1140 320 1190 errorcs;
354 1140 562 1199 norrnuuquam
585 1123 769 1200 uarrbnpinnr
793 1122 902 1183 farciunt
923 1143 957 1183 ac
979 1126 1074 1183 orruria
1097 1126 1236 1203 perdunt,
1266 1145 1318 1205 per
1341 1125 1465 1202 largitio·

187 1243 254 1284 uem
278 1225 386 1301 ingenti
409 1230 579 1300 consmnpta
602 1225 741 1301 peccunia:
770 1223 857 1284 babet
879 1227 955 1286 cuim
983 1227 1080 1287 ritium
1110 1227 1165 1287 boo
1194 1229 1313 1288 comites
1341 1227 1468 1303 largitio·

190 1345 256 1385 ucnr
279 1333 306 1386 ct
329 1325 455 1404 reliquas
478 1327 694 1402 corruptiones
724 1324 830 1402 quilius
861 1325 1027 1404 impellente
1056 1329 1119 1405 ipso
1141 1336 1200 1389 tota
1222 1330 1326 1408 llagrat
1347 1328 1412 1389 aula
1433 1347 1468 1388 ae

119 1429 283 1488 §.raomnia
307 1429 411 1507 passim
435 1428 607 1487 aduruntur.
643 1427 716 1499 Ouid
739 1426 842 1486 luxus?
865 1447 952 1505 qrrarn
975 1446 1090 1489 urorum
1113 1429 1347 1507 depravationem
1363 1431 1503 1498 adfertur

187 1530 266 1607 qrreul
289 1530 454 1605 contagium
477 1529 578 1598 trabit,
603 1531 700 1590 vitium
724 1535 802 1589 lauto
825 1528 887 1588 aliis
910 1529 1052 1601 odiosius,
1083 1540 1190 1609 quanto
1213 1530 1295 1608 plura
1318 1532 1469 1610 perditae

186 1632 322 1708 dissipat?
357 1631 413 1690 boc
436 1649 538 1690 erroro
561 1637 788 1691 contemnuntur
814 1636 962 1709 pecuniae,
996 1651 1054 1692 non
1084 1653 1141 1712 quo
1169 1652 1185 1692 a
1213 1633 1392 1711 sapientibus
1415 1632 1469 1693 illis

187 1741 286 1812 parto,
310 1733 361 1792 scd
383 1750 437 1810 per
460 1733 644 1792 stoliditatem
669 1752 702 1792 ac
725 1733 910 1803 deruentium,
933 1742 1034 1794 contra
1053 1736 1203 1794 carrissime
1219 1736 1315 1794 omnia
1331 1734 1468 1794 adaman·

187 1844 243 1896 tur.
282 1842 367 1913 atque
390 1835 456 1894 inde
479 1836 609 1912 preciosa
633 1835 734 1904 vestie,
769 1835 836 1895 inde
860 1854 1004 1913 purpura,
1038 1836 1106 1896 iude
1128 1855 1231 1896 aurum
1255 1845 1283 1895 et
1304 1844 1467 1913 argentum,

185 1937 252 1997 inde
275 1955 396 2014 gernum}
418 1955 452 1996 ao
475 1938 639 2014 margaritae
666 1944 695 1997 et
723 1937 842 2015 reliquae
871 1938 898 1997 id
927 1957 1019 2015 genus
1046 1956 1132 2015 nrrgae
1161 1937 1255 1998 aulam
1283 1939 1503 2005 inrasernrrt;rs

185 2058 249 2117 qnae
272 2039 367 2097 omnia
390 2037 457 2098 lie-et
480 2040 597 2099 maximi
620 2048 772 2108 emantur,
797 2041 1039 2117 magnanimitatis
1061 2047 1105 2100 est
1125 2039 1164 2100 ibi
1179 2047 1276 2100 tamen
1293 2059 1325 2099 ea
1342 2038 1470 2098 abiicere

186 2149 214 2200 et
237 2158 290 2217 pro
312 2139 452 2218 neglectis
474 2140 599 2209 babere,
623 2161 657 2201 ac
677 2149 759 2201 tauto
782 2139 846 2220 quis
868 2142 1026 2201 animosior
1048 2148 1184 2201 censetur
1206 2148 1314 2219 quanto
1343 2141 1406 2200 baec
1428 2141 1469 2199 ni·

184 2242 263 2302 lieris
286 2242 362 2302 lacit.
408 2242 511 2303 l’idcas
534 2244 568 2302 ad
592 2244 807 2303 contentionem
832 2261 923 2320 usqne
953 2243 1057 2302 insumi
1084 2243 1238 2320 pecunias,
1274 2260 1333 2321 quo
1360 2242 1469 2320 nequid

185 2343 363 2422 splendidius
385 2343 468 2404 alteri
491 2344 578 2412 adsit;
613 2362 667 2404 nce
689 2344 724 2403 ad
749 2363 833 2403 nsum
856 2346 886 2403 lit
910 2345 1032 2421 eruptio,
1059 2343 1110 2403 scd
1138 2345 1173 2403 ad
1203 2345 1469 2404 inanemostenta-

185 2447 302 2506 tionem.
341 2448 405 2518 Quo
429 2446 492 2505 loco
516 2446 593 2506 baud
616 2446 708 2506 relert
729 2446 827 2505 dicere
850 2445 927 2505 unde
949 2452 1104 2522 suppetunt.
1126 2445 1202 2513 buc,
1225 2453 1274 2505 aut
1294 2445 1369 2505 bane
1385 2464 1504 2507 vora-eo

185 2549 282 2626 glirem
306 2547 374 2626 quid
398 2549 529 2626 impleat:
553 2555 633 2607 certe
656 2546 801 2623 impletam
826 2554 956 2623 oportet,
979 2547 1039 2607 sire
1054 2546 1245 2624 ‹tispotimtur
1260 2565 1405 2624 pauperes
1420 2555 1471 2607 ard

183 2650 239 2728 ipsi
262 2652 347 2711 etiarn
370 2651 515 2728 principes
545 2657 661 2726 egeant,
691 2650 749 2707 sire
778 2650 970 2726 uniruinsrpre
997 2635 1203 2726 patrimonium
1232 2649 1290 2709 buc
1319 2655 1468 2727 erogetur.

184 2772 219 2813 ae
248 2752 331 2830 plura
360 2751 451 2812 rmdtn
480 2750 698 2828 profunduntur
726 2749 765 2808 ibi
794 2750 918 2810 inaniter
946 2769 1033 2828 quarn
1062 2751 1091 2810 in
1120 2769 1205 2810 nsum
1235 2758 1387 2811 vertuntur
1418 2770 1469 2811 ne·

184 2856 352 2916 cessarium,

249 2975 375 3016 crasans.
415 2954 491 3015 Fieri
515 2955 596 3013 rideo
620 2971 684 3031 epum
707 2954 795 3022 dieis;
820 2972 886 3013 nam
910 2955 1018 3031 optime
1043 2958 1209 3015 vestientem
1225 2956 1272 3016 bic
1286 2956 1382 3016 lanam
1399 2957 1504 3035 quidm

154 3044 157 3053 ’
186 3057 262 3118 aliud
293 3063 481 3117 nordeumerc
510 3055 622 3122 decerit,
658 3062 690 3114 nt
717 3073 840 3133 peregre
875 3058 1001 3115 sericum
1031 3075 1196 3116 ernerenms
1226 3075 1260 3116 ac
1288 3058 1469 3136 purpuram?

185 3168 234 3220 ant
257 3179 314 3218 nou
338 3159 484 3236 potuiurns
506 3158 620 3223 ornari,
643 3156 770 3234 populns
792 3156 946 3217 bellicosus
970 3166 999 3218 et
1020 3160 1114 3217 onmis
1135 3158 1203 3218 oliui
1219 3158 1347 3218 mollitiei
1364 3176 1469 3235 expers

185 3270 214 3322 et
236 3267 437 3337 contemptor,
460 3260 522 3318 sinc
545 3259 683 3335 grunrnis,
707 3261 769 3319 siue
792 3262 882 3319 auro?
911 3268 939 3320 ct
962 3279 1014 3320 nos
1036 3262 1095 3339 sagi
1118 3261 1211 3338 piget.
1235 3278 1288 3318 nos
1310 3258 1426 3319 loricae?

248 3381 412 3423 arrasum-s.
451 3360 474 3420 Τ
478 3380 525 3421 nm
549 3363 697 3430 cinnama,
721 3380 855 3430 erocum,
885 3364 969 3441 piper
991 3363 1152 3441 etreliqua
1175 3363 1285 3423 exotica
1309 3361 1336 3421 id
1359 3360 1468 3422 malum

184 3465 299 3526 invexit.
1477 3488 1503 3528 ao
1547 3509 1548 3512 η

249 3585 374 3627 casius.
411 3564 504 3625 Simul
527 3565 616 3625 eredo
639 3584 736 3626 mores
759 3565 896 3626 emollivit
923 3586 957 3626 ae
984 3565 1053 3627 illud
1078 3586 1145 3627 rere
1168 3568 1348 3628 Germanum
1375 3564 1469 3625 robur

185 3676 353 3730 enormium
376 3667 511 3728 reddidit.

247 3791 410 3832 ursarnvs.
449 3772 497 3831 Sic
519 3777 576 3829 est:
600 3777 709 3849 quanto
732 3771 881 3831 decentius
901 3772 978 3830 euim
1001 3771 1086 3846 primi
1109 3769 1148 3829 illi
1171 3771 1309 3830 licrrnaui
1339 3769 1468 3829 lcrarunr

184 3919 352 3927 -—-.--.—.
359 3918 385 3924 .-

251 3993 257 4025 ¹
279 3994 355 4043 erlire
374 3991 498 4058 periculo
517 3992 551 4040 ΙΙ.
571 3990 696 4056 periculo
714 3991 790 4039 obire
808 3992 866 4039 edd.
922 4006 955 4039 ne
973 3992 1033 4040 (add.
1047 3988 1081 4040 ΙΙ.
1100 3989 1161 4053 (non
1175 3994 1229 4054 13).
1287 3986 1298 4019 ²
1315 3991 1468 4038 necessita·

182 4085 225 4128 tos
239 4082 281 4127 13.
338 4075 548 4125 'duma-dum
568 4075 645 4124 modo
709 4075 800 4138 ⁸.dg
818 4076 853 4125 H.
917 4075 995 4140 ⁷per
1013 4076 1048 4125 H.
1068 4077 1095 4124 in
1113 4076 1171 4125 cdd.
1235 4075 1468 4139 ⁸eous.ing.13.

181 4163 272 4228 ’ipso
294 4179 343 4227 pro
366 4163 449 4210 deleto
473 4162 541 4226 quod
562 4161 620 4210 edel.
644 4160 735 4209 babent
758 4177 780 4208 v⁴
807 4160 957 4209 ambitione
980 4161 1015 4209 ll.
1044 4161 1103 4225 ipae
1133 4159 1277 4209 ambitioni
1302 4162 1403 4224 atrcpide
1425 4162 1468 4209 13.

183 4247 205 4291 Ν
223 4250 324 4298 Luxus.
339 4251 368 4296 “tn
386 4262 465 4309 rnurp.
479 4249 504 4294 5.
563 4245 670 4306 .Quom
689 4245 725 4294 H.
784 4243 804 4276 ¹²
823 4260 876 4294 nou
896 4259 947 4309 qno
967 4260 1019 4294 as
1042 4246 1155 4309 ipneto
1173 4246 1226 4296 ie.
1246 4260 1300 4294 nou
1319 4244 1469 4308 supienter,

183 4347 237 4382 nou
256 4333 291 4381 iis
309 4331 342 4380 de
363 4331 455 4379 causis
475 4346 489 4379 e
509 4330 606 4393 quibus
624 4330 750 4395 pecuniae
770 4345 786 4378 o
804 4330 977 4394 sortientibus
996 4329 1051 4379 illis
1076 4334 1294 4379 contemnuntur,
1321 4329 1470 4393 Sapientes

185 4415 237 4482 illi]
257 4414 612 4466 ct.st0b.a‘loril.x0111.
683 4411 703 4446 ¹¹
723 4415 856 4479 .AthII.
935 4413 1133 4464 'lirranimod⁴
1158 4415 1365 4464 rrccrnutaodl.
1431 4413 1469 4462 ibi

182 4504 243 4554 add.
257 4502 293 4550 H.
313 4499 374 4562 (raon
388 4501 445 4566 13.)
481 4499 502 4531 ¹⁹
521 4501 587 4550 insit
605 4504 648 4552 13.
684 4497 704 4531 ²¹
724 4500 792 4564 disp.
807 4516 887 4565 paup.
903 4501 938 4549 H.
958 4501 1021 4550 inde
1035 4505 1137 4565 egeant
1149 4499 1260 4559 subditi,
1281 4500 1340 4548 eald.
1375 4497 1470 4563 ¹6per-

184 4601 258 4653 aegre
272 4587 328 4635 ld!
377 4582 399 4617 ²¹
418 4586 652 4636 omnisomnis.
705 4600 803 4650 expers
822 4586 979 4636 clauditll.
1032 4583 1053 4615 ²¹³
1073 4585 1145 4633 cino.
1159 4589 1183 4633 5.
1203 4591 1318 4633 rrecmrd.
1332 4585 1369 4633 H.
1389 4600 1470 4648 epau.

182 4674 241 4724 edd.
294 4668 317 4701 ³³
335 4671 514 4732 .Qnantoli.
