3382 5370
411 378 458 428 xl.
529 394 687 430 sennense.
756 395 894 432 ortnoovs
914 397 1096 432 nvrrssrcvs.
1117 381 1198 446 (ttae.)
1367 367 1438 439 397

227 566 398 608 rrvrrenvs.
436 545 515 608 Bene
544 548 646 610 habet:
680 567 746 611 nam
775 551 904 612 odiosius
931 568 1018 629 agere
1051 553 1202 629 incipiunt;
1238 552 1294 613 hoc
1323 553 1440 613 taudem

166 649 350 726 perfecimus.

227 771 425 813 rnancrsers.
464 752 535 824 Quia
565 754 601 814 ad
625 753 792 816 Curtisanos
822 762 994 832 perventum
1024 763 1082 824 est,
1111 755 1168 815 hoe
1195 763 1265 833 puto
1295 755 1439 833 agendum

163 852 228 922 tibi,
252 853 392 924 lluttene,
416 860 448 914 ut
470 853 506 914 ab
527 856 608 915 initio
631 873 760 934 exponas
782 854 866 916 nolois
889 864 960 934 qrrot
975 863 1005 916 et
1019 859 1133 935 quantis
1147 857 1257 917 rclerta
1271 856 1354 918 malis
1369 857 1440 918 urbs

140 955 253 1015 “Rutila
275 956 320 1014 Sll.
1286 952 1293 1017 l
1315 976 1439 1013 Urmnoma.

223 1079 395 1122 evonenus.
433 1059 561 1121 Numera
585 1067 614 1121 tu
637 1078 753 1139 quoque
775 1059 888 1129 stellas,
912 1067 941 1121 ct
963 1077 1081 1121 arenam
1103 1068 1237 1139 supputa.

223 1181 422 1223 rnancrsevs.
460 1160 569 1222 Tamen
592 1161 698 1242 aliquid
728 1161 774 1223 dio
802 1162 838 1223 de
860 1163 992 1240 principe
1014 1164 1126 1224 civitate
1148 1164 1272 1243 pseudo·
1294 1166 1301 1235 Ι
1323 1163 1438 1250 fgfp‘fffltl·

161 1263 365 1340 episcoporum
387 1281 474 1324 nunc.

223 1386 394 1428 nvrrenvs.
432 1366 536 1427 Extant
551 1365 662 1445 [tialogi
677 1374 706 1428 et
727 1365 780 1427 alia
804 1385 820 1427 a
842 1385 888 1428 me
911 1368 940 1426 in
962 1367 1038 1427 hanc
1059 1385 1123 1428 rem
1145 1369 1320 1447 perscripta:
1343 1367 1437 1447 legite.

129 1474 153 1514 ¹⁰
225 1488 423 1531 rnancrscvs.
461 1469 550 1541 Quasi
573 1488 640 1529 roro
662 1468 817 1548 legendum
846 1472 902 1530 iam
929 1472 981 1539 sit,
1012 1477 1040 1531 et
1063 1487 1120 1529 non
1143 1468 1321 1530 familiariter
1343 1473 1439 1549 potius

162 1567 415 1630 confabulandum.

222 1691 394 1734 nvrnerrvs.
432 1672 532 1751 ltaque
555 1693 645 1735 urium
667 1676 723 1735 lroc
746 1677 848 1735 scitote
870 1676 1005 1752 primum,
1029 1675 1184 1735 deterrima
1208 1681 1237 1734 et
1257 1671 1266 1743 Ι
1287 1672 1505 1750 {gpgfmffluna

161 1775 378 1849 perversissima
402 1793 465 1836 esse
481 1776 581 1837 Roman
596 1779 707 1847 omnia,
733 1785 761 1838 et
782 1776 860 1856 qrrod
883 1776 939 1837 dici
954 1775 1044 1847 solet,
1067 1774 1174 1856 μηδὲν
1188 1766 1287 1855 ὑγιές.
1310 1776 1338 1835 id
1354 1777 1432 1854 quod

162 1893 196 1934 eo
219 1878 304 1936 etiam
329 1878 521 1956 perniciosius
543 1889 602 1947 est,
626 1879 703 1958 quod
727 1878 831 1940 urbem
854 1879 929 1939 bano
951 1879 1122 1939 invenerunt
1144 1896 1230 1957 quarn
1246 1876 1376 1938 ecelesiae
1390 1896 1437 1938 ca-

129 1983 213 2054 ¹⁵put
234 1978 435 2047 instituerent;
458 1987 544 2059 atque
566 1980 605 2040 iti
628 1989 785 2043 erexerunt
805 1980 959 2058 impudens
979 1980 1035 2041 lior·
1050 1978 1173 2048 idolum,
1196 1979 1365 2040 Pontificem
1380 1979 1439 2040 lla·

161 2079 279 2148 rimrnn,
303 2082 349 2141 cui
364 2083 460 2142 omnia
483 2089 705 2151 concesserunt,
729 2085 814 2143 etiarn
838 2089 869 2142 ut
884 2083 973 2159 possit
988 2083 1013 2141 si
1028 2080 1094 2143 velit
1108 2089 1208 2143 corrtra
1230 2098 1237 2169 Ι
1253 2078 1439 2166 {gffl‘fflffipflffl

161 2178 265 2240 Christi
288 2181 448 2243 doctrinam
471 2184 586 2245 edicere
608 2183 730 2264 aliquid,
754 2192 785 2247 ut
801 2185 953 2247 edixerunt
967 2184 1109 2244 haetenus
1123 2182 1226 2250 multa,
1251 2189 1280 2244 et
1294 2182 1330 2243 ab
1346 2183 1439 2243 Evan-

161 2280 235 2359 gelio
258 2282 409 2346 discedere
431 2294 688 2366 quantumcunque
710 2285 796 2365 longe
818 2287 945 2366 placeat,
975 2292 1065 2364 utque
1092 2285 1118 2345 ci
1145 2282 1230 2344 liceat
1257 2283 1375 2345 beatum
1397 2285 1438 2345 la·

162 2402 228 2443 cere
251 2404 455 2465 ‹pronicunque
478 2391 569 2450 risum
592 2391 692 2458 luerit,
716 2390 739 2450 si
762 2391 786 2450 is
808 2389 882 2449 vivat
903 2389 1028 2467 pessime
1050 2387 1150 2454 etiam.
1175 2393 1200 2446 et
1224 2387 1362 2448 damnare
1378 2389 1439 2447 ani-

131 2496 228 2546 ²⁰mas
251 2507 352 2548 cortun
376 2491 424 2566 qui
447 2492 681 2552 innocentissime
710 2498 934 2559 conversoriam
962 2489 1105 2558 breviter,
1134 2495 1167 2548 ut
1194 2496 1305 2549 tanturn
1333 2491 1503 2568 possittasr.

162 2596 302 2666 quant-um
323 2593 492 2669 permittere
515 2593 569 2653 sibi
592 2594 711 2663 audeat,
735 2612 829 2674 neque
852 2596 878 2655 ei
901 2601 1001 2654 contra
1023 2591 1121 2652 dicere
1143 2590 1241 2659 liceat,
1266 2609 1303 2651 ne
1318 2590 1437 2651 obmur-

161 2709 278 2752 murare
301 2692 432 2770 quidem,
461 2713 556 2773 neque
585 2696 627 2755 las
655 2698 691 2756 sit
717 2697 860 2775 derogare
887 2703 1058 2774 potestatem
1089 2695 1115 2755 ei
1145 2699 1292 2771 utcunque
1314 2695 1388 2754 vivat
1410 2701 1439 2754 et

161 2792 370 2873 ‹paraliscunrpre
393 2798 442 2865 sit,
471 2796 537 2857 licet
559 2797 688 2859 ecclesie
711 2799 840 2859 rideatur
862 2800 963 2858 etiam:
993 2816 1061 2857 nam
1083 2804 1111 2857 et
1133 2797 1189 2856 lroc
1211 2794 1250 2856 illi
1272 2795 1321 2855 dat
1342 2795 1438 2855 conci·

161 2893 229 2955 lium
245 2897 416 2967 Basiliense,
440 2906 468 2959 et
484 2898 642 2961 Ecclesiam
663 2900 792 2971 subiicit,
816 2920 849 2962 ae
871 2919 958 2980 supra
981 2900 1184 2961 authoritatem
1208 2916 1277 2958 con·
1300 2891 1306 2960 Ι
1329 2894 1437 2973 ξῗξῆξὲξξ,

127 3007 153 3047 ²5
163 2996 294 3059 ciliorum
318 2998 393 3059 illius
408 3004 564 3078 potentiam
581 3005 677 3064 cllert:
705 3021 771 3080 quae
786 3005 882 3064 omnia
897 3022 992 3082 neque
1007 3004 1088 3063 iussit
1103 3001 1248 3067 Christus,
1271 3016 1367 3078 neque
1383 2998 1440 3059 lert

162 3107 278 3169 natura,
303 3109 334 3161 ut
355 3103 384 3161 in
408 3101 528 3164 alicuius
550 3105 714 3165 mortalium
737 3112 878 3184 potestate
901 3107 937 3164 sit
959 3105 1028 3183 quid
1050 3101 1221 3163 immortalis
1243 3101 1315 3162 dous
1337 3102 1435 3169 laciat;

162 3201 217 3262 hoc
239 3211 315 3263 esset
337 3204 423 3272 eninr,
447 3208 470 3264 si
494 3225 560 3267 vera
583 3207 775 3284 predicarent
797 3207 833 3266 de
855 3224 887 3266 se
908 3207 963 3273 isti,
987 3224 1054 3265 cum
1077 3205 1177 3266 dicunt
1198 3204 1344 3265 aClrristo
1368 3222 1436 3263 con-

162 3321 275 3364 cessum
290 3305 360 3374 sihi,
384 3313 415 3365 ut
430 3325 484 3385 pro
499 3308 619 3368 arbitrio
635 3316 663 3369 et
678 3308 795 3368 libidine
810 3307 928 3385 alligent
950 3316 978 3368 et
999 3306 1157 3367 dissolvant
1171 3306 1218 3367 hic
1270 3304 1438 3382 L't'ffissftgmlfifflss

163 3406 239 3483 quod
262 3407 291 3465 in
315 3407 393 3467 coelis
415 3409 491 3486 apud
515 3420 627 3487 patrem
650 3410 752 3478 eleum,
776 3409 977 3489 qualecunque
1001 3409 1027 3468 id
1051 3410 1102 3477 sit,
1126 3416 1221 3468 ratum
1244 3407 1374 3469 futurum
1389 3409 1433 3467 sit.

128 3512 153 3551 ³⁰
225 3529 400 3570 nenennon.
437 3511 490 3570 llic
512 3530 559 3573 me
581 3512 693 3573 discere
715 3512 817 3573 abste
839 3512 977 3590 perdecet
998 3509 1120 3589 aliquid:
1148 3529 1205 3570 non
1229 3519 1272 3571 est
1294 3511 1350 3571 hoc
1371 3511 1504 3571 illistam.

161 3628 177 3668 a
200 3610 313 3670 Christo
336 3614 529 3672 concessum?

224 3733 393 3775 nvronnvs.
431 3714 606 3775 Cortcessnm
629 3734 711 3785 rere,
734 3717 757 3775 si
780 3717 908 3794 perlecta
930 3717 958 3775 in
982 3716 1023 3776 eis
1045 3715 1170 3774 charitas
1185 3716 1235 3781 sit,
1258 3715 1309 3775 sed
1325 3722 1353 3775 et
1368 3722 1437 3776 tunc

162 3833 220 3873 uon
243 3817 333 3893 magis
355 3815 399 3875 his
422 3835 509 3894 cluam
531 3825 580 3877 aut
603 3816 654 3877 tibi
676 3825 726 3879 aut
747 3818 817 3878 milri
839 3824 889 3878 aut
910 3824 989 3879 recte
1013 3816 1180 3877 Christianis
1202 3817 1348 3877 ouuriltus.

225 3937 399 3979 unncaron.
421 3918 512 3995 lgitnr
525 3918 616 3996 ligare
629 3920 685 3980 lroc
698 3927 726 3981 et
739 3919 852 3981 solvere
866 3920 994 3980 omnium
1012 3920 1119 3997 utique
1134 3926 1178 3980 est
1190 3919 1435 3980 Christianorum?

128 4021 153 4061 ³⁵
225 4039 396 4081 rrv'rrnsvs.
434 4020 594 4083 Universim
623 4025 766 4090 omnium,
802 4021 944 4100 siqnidem
970 4021 1042 4082 tales
1064 4022 1169 4091 simus,
1193 4028 1221 4081 et
1243 4023 1436 4100 cognitionem

161 4120 245 4198 plene
267 4121 427 4181 habeamus
448 4124 517 4199 qnid
540 4122 686 4202 ligandum
709 4133 737 4185 et
758 4122 928 4185 solvendum
949 4126 1114 4185 necessario
1135 4125 1179 4183 sit.

223 4244 398 4285 unnoaron.
435 4224 508 4295 Qirid
532 4225 621 4302 ligare
643 4227 729 4303 igitur
751 4234 779 4286 et
801 4226 869 4303 quid
892 4225 1004 4288 solvere
1026 4228 1158 4305 oportet?
1232 4229 1238 4301 Ι
1260 4224 1505 4286 ⁰²¹⁶·0¹'⁶⁰⁰²¹²tttt.

1260 4274 1279 4303 et
1291 4268 1390 4312 ligandum.

224 4347 394 4389 rrvrrenvs.
432 4325 550 4388 Vincula
577 4334 647 4405 puto
670 4334 865 4408 peccatorum,
890 4347 947 4388 raon
971 4329 1134 4391 divinarum
1156 4329 1368 4408 scripturarum
1390 4348 1435 4390 sa·

228 4523 353 4598 6’Ἀμμον
370 4533 488 4597 peterse.
501 4522 623 4594 Ἀστὲρας
640 4526 784 4597 ἀριθμεῖς.
804 4533 968 4597 Illogenian.
982 4533 1098 4584 Vindob.
1113 4534 1134 4583 Ι.
1149 4533 1188 4582 15.
1232 4532 1243 4564 ⁹
1261 4533 1396 4583 Vadiscus
1414 4549 1435 4583 s.

161 4618 241 4667 Trios
254 4619 376 4667 Romana
395 4625 423 4668 et
435 4618 660 4683 conquestiones.
713 4616 733 4649 ¹³
751 4615 818 4683 μηδ.
832 4608 887 4683 rip]
906 4617 975 4667 nilril
993 4634 1096 4669 sonum.
1148 4615 1200 4650 Μ
1218 4618 1280 4669 lert.
1294 4620 1436 4670 Natural.

161 4700 183 4734 ²⁴
201 4702 366 4769 ennolion]
385 4704 480 4762 ltumo,
499 4704 634 4753 Huttene:
652 4704 725 4769 petis
744 4702 916 4753 concordate
933 4703 1094 4768 principum.
1157 4702 1179 4736 ³¹
1196 4703 1295 4755 Metto.
1308 4703 1380 4754 XVI.
1395 4702 1435 4754 tu.
