3382 5370
214 338 287 411 330
366 354 441 405 l'lli.
512 371 599 405 uraca
620 371 641 404 s.
663 370 821 405 rueramus.
880 368 1219 404 niacoevsurrrauievs.
1251 351 1336 418 (uto.)

212 544 275 579 aas..
297 525 372 595 lues
394 524 465 585 urbs
479 524 571 585 lloma
594 542 627 584 os
648 523 771 585 sublevit
793 524 892 592 nobis,
916 524 1022 603 quibus
1044 532 1075 584 ut
1097 522 1209 584 libitum
1232 525 1286 604 ipsi
1307 530 1365 592 est,
1390 523 1491 583 ducta·

211 645 250 681 m.
263 645 325 682 een.
337 640 344 710 Ι
362 628 400 687 vit
420 645 492 695 nos,
516 645 582 687 cum
605 626 680 687 dicta
704 626 788 687 docta
811 645 865 707 pro
888 626 962 687 datis
983 627 1124 694 mitteret,
1147 626 1264 686 iusidias
1286 626 1368 687 daret
1390 624 1492 685 liber·

210 730 260 789 tati
282 736 403 799 uestrae,
432 729 588 798 inveniret,
618 727 787 798 saluii-aret,
818 727 1049 796 machinaretur,
1078 730 1218 805 lingeret,
1255 728 1489 789 corrruriniseere·

210 837 273 900 tur,
303 850 361 909 qire
389 829 494 909 aliquid
524 830 592 890 binc
621 832 768 909 nepetiuis
796 832 856 890 istis
883 831 943 891 suis
973 828 1137 908 sumptibus
1170 829 1248 908 qued
1280 829 1489 909 suppeditaret,

210 931 331 1009 ΙΙΙΙΙΙΨ·
354 925 361 995 Ι
384 931 516 1001 eliceret,
540 951 605 993 cum
629 934 670 994 sie
693 934 820 993 viverent
842 933 956 993 interim
979 931 1111 992 homines
1133 930 1188 1000 illi,
1212 938 1244 991 ut
1265 928 1511 992 attiomtriabiu'ss

143 1046 201 1096 εει.
212 1042 288 1096 esset
315 1034 430 1114 piorum
457 1034 578 1095 auribus
605 1053 707 1095 eorum
736 1035 821 1095 lama.
866 1034 930 1095 Non
959 1040 1071 1093 tautum
1099 1033 1219 1093 audistis
1246 1033 1362 1111 antiqua
1391 1029 1439 1091 illa
1462 1038 1491 1091 et

212 1138 350 1217 superius
371 1146 449 1205 aeta,
472 1135 523 1195 sed
546 1136 655 1197 vidistis
677 1137 764 1196 etiam
787 1135 874 1215 aliqui
898 1153 1009 1215 nupera
1035 1142 1063 1195 et
1084 1137 1206 1202 usitilia,
1235 1134 1274 1196 dii
1300 1131 1488 1199 immortales,

211 1259 256 1294 me
297 1237 455 1326 lqiralium
490 1237 634 1299 scelerum
670 1245 807 1317 (prraotam
836 1239 1020 1314 congeriem:
1056 1237 1159 1297 iniuria
1188 1237 1344 1298 Sodomam
1373 1242 1402 1295 et
1430 1234 1488 1295 Go-

210 1358 352 1400 morraees
370 1339 496 1419 perdidit
510 1340 597 1408 deus,
621 1341 645 1399 si
660 1341 753 1418 parcit
768 1340 830 1399 istis
844 1339 957 1407 Romae,
980 1338 1017 1398 ad
1032 1357 1158 1418 quorum
1171 1338 1387 1418 improbitatem
1403 1336 1490 1397 nbuis

210 1443 254 1502 isti
278 1460 363 1521 qiram
388 1442 464 1517 irugi
487 1441 615 1503 luerunt.
661 1443 703 1501 An
727 1459 785 1501 neu
809 1441 863 1501 bec
886 1440 1039 1502 dicendum
1063 1449 1120 1508 est,
1151 1460 1217 1502 eum
1247 1440 1377 1501 videmus
1403 1454 1522 1499 sacrare

211 1542 348 1619 ΙΙἪῙΜ·
371 1560 378 1630 Ι
401 1549 430 1604 et
452 1543 573 1622 prolana
595 1543 691 1603 onruia
715 1542 824 1604 babere
847 1561 896 1602 ees
924 1541 1133 1620 prenrercalia;
1167 1543 1335 1619 rogationes
1362 1541 1488 1600 sciscere

210 1644 273 1720 ,93:3-
288 1655 295 1725 Ι
311 1662 428 1725 semper
450 1643 608 1723 plurimas,
631 1652 660 1705 et
682 1645 798 1705 easdem
820 1643 964 1722 abrogare
986 1645 1082 1704 statim
1103 1663 1138 1705 ac
1159 1646 1231 1706 rima
1254 1644 1342 1704 luerit
1364 1644 1487 1710 inventa,

142 1758 335 1808 §.rummesie
350 1747 357 1817 Ι
373 1765 469 1826 neque
485 1764 542 1806 neu
566 1748 728 1815 ivuenitur,
753 1748 865 1824 quinties
887 1744 1002 1806 lucrum
1024 1753 1083 1814 est,
1107 1745 1272 1826 impellente
1294 1746 1421 1807 avaritia.
1460 1752 1489 1807 et

208 1871 304 1917 ataine..
323 1872 356 1908 aa.
373 1844 380 1934 Ι
396 1847 471 1909 soliti
493 1855 560 1907 sulit
582 1846 692 1908 nullum
716 1854 843 1909 statuere
865 1849 984 1909 modum
1000 1848 1230 1927 rapinatiouibus
1245 1850 1306 1910 istis
1320 1848 1396 1916 siris,
1420 1865 1487 1907 cum

208 1967 285 2028 saepe
307 1950 389 2028 prius
411 1968 498 2029 quam
520 1949 610 2010 abusa
633 1956 730 2011 essent
751 1958 818 2011 ante
840 1950 920 2020 data,
954 1969 1045 2011 nevos
1066 1953 1215 2011 mitterent
1244 1950 1301 2011 buc
1329 1947 1520 2027 depeculata

208 2058 303 2121 teres,
326 2053 376 2130 qui
399 2053 532 2113 astutiam
555 2053 645 2113 eorde
672 2052 927 2121 machinarentur,
961 2071 1017 2132 qm
1045 2070 1098 2112 uos
1125 2071 1197 2111 auro
1226 2051 1400 2130 spoliarent,
1432 2068 1488 2111 nee

141 2168 284 2218 §.aemma
306 2176 348 2212 ea.
381 2156 525 2232 tangenti
547 2152 654 2235 aliquid
677 2154 806 2214 iacerent
826 2154 875 2214 bie
896 2152 1050 2232 reliquum.
1101 2154 1198 2225 Quare
1225 2153 1341 2213 taudem
1369 2152 1487 2212 elllcere

207 2261 353 2316 tentemus
382 2256 459 2335 quod
488 2257 562 2316 ellici
590 2274 677 2334 pesse
706 2264 843 2334 allegatum
867 2263 911 2317 est
932 2256 1087 2316 hacteuus:
1115 2273 1265 2317 servemus
1293 2273 1358 2334 quae
1388 2261 1485 2315 nostra

206 2354 305 2432 ΙΙΙΙΙζξ·
329 2351 336 2438 Ι
359 2364 441 2427 ευιιι;
465 2376 560 2437 rreque
582 2359 659 2418 euim
680 2361 818 2418 satiamus
839 2357 987 2427 homiues,
1011 2377 1077 2418 eum
1099 2359 1251 2435 [recuruum
1274 2358 1359 2416 toties
1380 2362 1409 2415 et
1422 2362 1485 2415 tau·

206 2466 264 2518 tam
287 2459 438 2528 mittimus,
462 2460 610 2520 irritamus
632 2459 724 2520 multe
746 2461 853 2537 inagis,
888 2461 1024 2538 patientia
1047 2466 1147 2522 nostra
1169 2478 1203 2520 ae
1225 2457 1407 2536 simplicitate
1432 2458 1517 2517 istan

206 2562 353 2621 avariores
374 2561 479 2622 cotidie
501 2562 640 2622 iacientes
662 2569 691 2622 et
714 2568 881 2622 nostrorum
903 2563 995 2638 magis
1017 2567 1195 2639 appetentes,
1233 2559 1264 2619 lu
1287 2557 1408 2637 proclivi
1430 2558 1484 2619 boe

138 2661 304 2732 manebis:
329 2668 437 2723 teritum
461 2663 574 2723 audete.
619 2663 660 2723 lle
683 2664 828 2741 mequod
852 2663 1006 2742 pollicear,
1029 2665 1071 2723 sie
1092 2682 1139 2723 me
1155 2663 1286 2723 Christus
1301 2679 1405 2721 eorum
1421 2678 1485 2739 quae

205 2783 291 2843 paro,
316 2771 480 2842 compotem
504 2765 604 2833 iaciat,
634 2772 665 2824 ut
687 2763 817 2825 laborem
840 2764 952 2826 rudium
979 2764 1204 2843 subterfugiam,
1232 2782 1327 2842 uequc
1356 2780 1483 2840 iiiiquam

205 2867 340 2936 cessabo,
369 2866 462 2927 donec
486 2867 620 2928 ellectum
646 2866 760 2935 videro,
789 2874 820 2928 ut
848 2868 954 2946 nequid
984 2866 1087 2927 deinde
1116 2874 1243 2945 quaestus
1270 2866 1300 2925 in
1328 2864 1483 2927 Germania

204 2970 241 3029 sit
263 2969 402 3047 improbis
424 2968 598 3037 Curtisanis,
621 2967 770 3029 sceleratis
791 2968 1033 3030 llouranensibus.
1072 2968 1134 3029 baec
1157 2968 1277 3027 nimium
1294 2965 1391 3026 multis
1406 2964 1515 3045 apodas

205 3089 270 3137 ears,
294 3070 400 3149 quibus
422 3071 557 3130 virtutem
580 3069 703 3139 addere,
726 3069 814 3130 rerba
837 3089 895 3130 iren
918 3069 1010 3131 decet.

137 3169 343 3248 εει-,ΙΙΙΙΜΙΙΙ
408 3192 517 3233 everis.
555 3172 681 3232 deustis
702 3173 877 3250 garrientem
900 3171 994 3241 bunc,
1026 3173 1179 3240 Germani,
1208 3170 1284 3250 quod
1316 3188 1410 3248 neque
1432 3186 1483 3249 pes

204 3293 299 3353 neque
330 3281 417 3351 eaput
444 3280 619 3352 compareat.
665 3274 720 3334 iam
750 3274 852 3333 infiniti
880 3292 973 3352 prope
1000 3275 1071 3334 aum
1092 3280 1159 3333 suut
1181 3291 1271 3352 qumn
1299 3271 1484 3351 possidemus

203 3377 249 3436 ius
270 3376 317 3436 bic
339 3383 487 3443 uestrum,
514 3382 661 3435 ettamen
684 3394 752 3453 spes
774 3377 850 3435 verrit
872 3375 967 3453 impiis
989 3394 1088 3436 rerum
1110 3375 1293 3435 novationem
1316 3372 1481 3434 inducendi.

202 3474 363 3553 figffiffllggssl'·
386 3477 393 3547 Ι
421 3477 499 3555 «leod
522 3484 553 3537 ut
576 3478 692 3538 elllcere
715 3483 848 3556 possent,
879 3484 976 3537 tauma
999 3478 1098 3555 patriae
1124 3475 1303 3537 claritudinis
1332 3477 1430 3535 venire
1452 3476 1514 3535 inat

136 3586 330 3649 §.cernentem
353 3579 394 3639 eis
416 3578 551 3647 deberet,
581 3597 618 3639 ue
640 3578 715 3639 lianc
737 3579 813 3639 malo
836 3577 1029 3639 obscurarent
1051 3579 1188 3638 iaeiuore.
1233 3577 1311 3657 quod
1342 3594 1392 3636 ves
1414 3594 1482 3654 pre·

204 3680 301 3742 videre
323 3681 422 3750 decet,
446 3699 483 3740 ne
504 3698 562 3759 quo
582 3699 658 3740 novo
680 3680 824 3741 dedecore
848 3681 1069 3740 uetustissimam
1092 3678 1239 3758 religionis
1262 3685 1289 3738 et
1311 3679 1425 3756 pietatis
1446 3677 1482 3738 de

202 3782 283 3842 vobis
311 3784 416 3844 latriam
445 3783 635 3860 conspurcari
664 3784 771 3842 sinatis.
817 3781 935 3843 llecimo
966 3783 1083 3859 uiridem
1112 3782 1209 3860 ‹rpviuio
1241 3790 1284 3841 est
1312 3780 1482 3841 obedientes

201 3884 310 3947 babere
332 3904 364 3946 se
386 3884 433 3945 bie
455 3903 538 3951 eves:
561 3892 648 3963 stipare
670 3884 758 3962 igitur
780 3885 900 3944 nimium
923 3884 959 3944 de
981 3883 1064 3944 robis
1086 3883 1141 3943 sibi
1169 3881 1264 3960 placet
1291 3890 1390 3961 pastor
1417 3880 1481 3941 ille:

201 3987 279 4065 ‹prrod
303 4007 349 4047 ute
371 3989 457 4047 etiam
480 3984 616 4046 laudibus
647 3984 796 4046 celebrare
825 3986 907 4045 iussit
936 3985 994 4047 hue
1021 3984 1194 4054 alteuutem,
1229 3986 1358 4044 ririruium
1388 3983 1513 4044 ustio-sa

201 4086 372 4164 igfflgtffi,
393 4087 401 4171 Ι
423 4106 493 4148 num
517 4087 591 4147 bane
613 4088 802 4164 integerrime
824 4106 940 4165 semper
963 4088 1050 4147 luisse
1073 4086 1197 4147 deditam
1214 4085 1275 4146 sedi
1291 4084 1479 4162 briostelieae:

134 4189 363 4255 §.neuthonia
386 4189 518 4267 nequiter
540 4187 684 4267 expedivit
706 4188 776 4248 milri
799 4190 946 4267 negotium
969 4190 1040 4250 lme:
1071 4191 1109 4248 ita
1131 4207 1178 4248 me
1200 4188 1357 4249 crauleliter
1380 4187 1481 4248 babuit

200 4290 254 4352 iste
276 4291 384 4371 bospes
404 4308 501 4359 meus,
531 4308 617 4369 quem
641 4309 704 4357 vos,
734 4291 789 4350 uisi
817 4290 894 4351 baird
923 4293 991 4351 estis
1020 4309 1093 4369 apros
1121 4308 1184 4351 esse
1207 4289 1306 4349 lionae
1334 4296 1480 4367 putamus,

265 4528 276 4561 ²
294 4528 539 4578 Placentinus
554 4526 615 4587 Lat.
667 4526 678 4559 ³
696 4533 780 4592 nepot
797 4525 829 4593 s]
849 4528 923 4578 Silet.
939 4529 999 4579 Cal.
1012 4528 1053 4581 37.
1095 4527 1105 4558 l
1124 4528 1211 4578 obem.
1224 4528 1293 4592 pier.
1308 4523 1376 4592 uun]
1395 4526 1480 4577 Bulla

199 4614 293 4665 verbe.
328 4612 989 4683 ¹⁰·r·cf‚H0r.eput.1.lo‚u.etsut.1ug.3u.
1033 4613 1052 4646 ¹⁵
1065 4615 1215 4678 (praemetiri.
1255 4610 1316 4656 ²⁷¹4
1335 4612 1478 4662 Plautds.

199 4701 247 4753 111.
261 4698 285 4761 3,
296 4708 340 4751 tas.
397 4698 419 4732 ³²
436 4699 526 4750 Pleut.
540 4700 636 4767 Ampb.
649 4701 669 4750 1.
688 4699 752 4760 ³1²³·
773 4699 925 4764 ‚,Nequiter
937 4715 1014 4765 pmue
1029 4700 1169 4765 expedivit
1180 4700 1268 4765 primo
1286 4698 1478 4764 pavrasitetio''.
