3382 5370
262 341 334 417 398
502 358 549 407 XI.
620 373 778 407 rrauorus.
847 373 984 409 nrauoovs
1004 375 1187 411 proruamus.
1207 361 1289 426 (toto.)

260 536 420 589 uramenta:
450 545 517 587 nam
544 545 641 588 sermo
664 528 725 597 clei,
755 536 786 591 ut
807 526 915 590 Paulus
936 530 1035 601 docet,
1063 529 1173 607 alligari
1194 548 1254 590 non
1275 531 1411 599 sustinet,
1441 549 1537 609 neque

260 629 387 691 solvetur
418 647 545 709 uuquam
574 631 648 699 Lex,
682 638 834 692 attestante
857 631 985 702 Christo,
1013 651 1050 693 no
1078 640 1148 694 tunc
1175 633 1290 712 quidem
1320 651 1386 694 cum
1413 632 1537 694 abibunt

260 731 380 800 oculum,
404 738 481 793 terra
506 740 534 793 et
556 751 655 795 rerum
678 734 815 812 quicquid
839 741 890 794 est.

258 831 416 919 l:¹,⁵,{⁰,⁸„'¹,”„{⁰‘·
510 854 685 897 nuncupor.
724 835 814 913 igitur
841 854 900 895 non
929 836 970 896 ris
997 854 1061 898 esse
1088 855 1178 897 unum
1201 837 1341 916 aliquem,
1372 839 1454 898 ouius
1476 854 1536 897 ma·

259 939 335 998 xima
357 938 394 996 sit
415 936 462 996 bio
485 939 628 1014 potestast
1544 953 1557 990 s

321 1058 492 1101 arremaro.
530 1039 626 1100 Caesar
642 1045 699 1109 est,
716 1046 744 1099 et
759 1039 860 1100 muudi
874 1039 1039 1117 Principes,
1056 1040 1162 1118 quibus
1178 1042 1338 1120 parendum
1355 1048 1412 1110 est,
1436 1059 1533 1101 exem·

259 1141 307 1220 plo
323 1140 428 1202 Christi
450 1148 479 1201 ot
493 1138 697 1218 Apostolorum
719 1141 859 1202 doctrina.
897 1143 972 1202 iuter
995 1143 1146 1220 episcopos
1162 1162 1230 1203 vero
1246 1152 1275 1203 ot
1290 1142 1452 1223 spirituales
1467 1145 1537 1202 istos

259 1245 404 1305 neminem
427 1261 490 1303 esse
513 1240 602 1302 voluit
617 1242 761 1313 Christus
785 1245 834 1321 qni
857 1244 1014 1322 imperaret
1034 1244 1111 1314 aliis,
1135 1252 1164 1303 at
1185 1264 1254 1305 roro
1277 1246 1325 1322 qui
1349 1247 1535 1313 ministraret,

260 1363 323 1409 esse
345 1346 434 1406 voluit
455 1346 596 1423 optimum
620 1363 774 1423 quemque.

193 1468 259 1518 §.uc
322 1467 496 1509 mascaron.
534 1446 569 1506 tt
591 1454 687 1507 tamen
710 1446 775 1524 plus
795 1448 882 1508 Petro
905 1449 983 1508 ‹lorlit
1005 1465 1091 1526 qcram
1114 1447 1185 1509 aliis.
1547 1459 1571 1498 ¹⁰

260 1542 455 1630 'fflit'plttssss'ltl
513 1568 683 1611 uvrrunvs
715 1550 786 1622 Quia
809 1549 875 1628 plus
897 1549 995 1611 dilexit
1017 1550 1096 1611 illum
1119 1551 1222 1610 Petrus
1245 1569 1331 1629 quam
1353 1549 1415 1619 alii;
1439 1552 1536 1629 itaque

261 1651 422 1712 dilectionis
445 1649 670 1720 aemulationem,
699 1668 757 1711 non
785 1652 904 1712 honoris
932 1652 1118 1713 ambitionem
1148 1660 1198 1712 aut
1224 1653 1366 1728 regnandi
1393 1653 1533 1730 cupidita·

262 1763 319 1815 tem
342 1753 454 1814 induxit
475 1751 539 1813 iltis.
562 1771 579 1812 a
601 1771 659 1831 quo
681 1753 826 1814 diversum
849 1762 1010 1831 sequuntur
1033 1756 1103 1832 ipsi,
1132 1762 1160 1813 et
1187 1772 1242 1833 pro
1265 1754 1368 1832 opibus
1390 1773 1424 1814 ac
1445 1755 1535 1831 impe·

194 1858 315 1926 ursonio
343 1863 420 1917 terra
448 1856 595 1933 marique,
624 1857 702 1916 locro
730 1863 758 1915 et
786 1857 844 1933 igni
871 1863 929 1916 tota
957 1858 1012 1916 rita
1041 1857 1255 1934 tlcgrassantur.
1301 1856 1352 1915 llio
1374 1855 1443 1916 mibi
1467 1873 1535 1916 vero

260 1956 373 2044 imi·
396 1968 403 2037 Ι
426 1958 579 2034 imperium
600 1959 694 2017 tonuit
715 1959 790 2017 iuter
812 1955 994 2035 coapostolos
1016 1957 1137 2017 Petrus‘t
1548 1970 1572 2010 ta

323 2080 497 2123 uunoarou.
537 2059 585 2119 lsti
607 2061 733 2120 tenuisse
755 2059 870 2127 dietim,
893 2061 916 2119 si
939 2067 1019 2120 recto
1042 2062 1169 2129 memini,
1192 2068 1278 2137 atquc
1302 2061 1388 2137 igitur
1409 2077 1441 2119 se
1464 2077 1536 2136 quo-

260 2181 318 2242 quo
340 2161 415 2223 bene
436 2168 537 2222 tenere
559 2160 745 2221 arbitrantur.

321 2283 491 2327 uvrruuvs.
530 2264 679 2342 Scriptura
708 2271 808 2340 negat:
841 2282 907 2323 narn
931 2272 958 2324 ot
981 2266 1055 2325 mitti
1076 2264 1112 2326 ab
1135 2262 1196 2325 aliis
1218 2264 1366 2332 sustinuit,
1391 2270 1419 2324 et
1441 2264 1535 2323 conci·

263 2365 301 2428 lio
322 2368 433 2445 paruit,
456 2383 490 2424 ac
513 2365 709 2444 reprehensus
731 2383 746 2424 a
769 2364 859 2425 Paulo
883 2367 969 2426 cessit
991 2372 1019 2425 et
1040 2366 1190 2444 aequaliter
1213 2367 1270 2444 egit
1293 2384 1358 2425 oum
1381 2364 1535 2425 iratribus:

261 2477 305 2529 est
325 2468 381 2528 boc
404 2475 503 2529 tenere
526 2468 696 2544 imperinm?
1543 2481 1570 2521 ao

324 2591 498 2633 nuocarou.
523 2568 712 2645 Hocquidem
725 2576 847 2629 nonest.
871 2588 970 2631 rerum
992 2570 1033 2631 las
1045 2577 1088 2632 ast
1102 2572 1163 2631 sino
1179 2572 1273 2649 capite
1288 2588 1352 2630 esse
1368 2568 1538 2630 ecclesiam?

193 2670 393 2758 §.rot.},‘,5¹,i?‘⁸⁹p
458 2689 627 2733 averanus.
665 2671 729 2731 Non
752 2676 809 2739 ost,
838 2678 925 2748 atquc
948 2673 1034 2750 igitur
1064 2680 1151 2750 caput
1178 2671 1281 2740 habet,
1310 2672 1387 2749 quod
1410 2678 1454 2731 ost
1476 2672 1538 2749 ipse

260 2775 398 2837 Christus.

321 2895 496 2938 nunonron.
534 2874 605 2935 usse
620 2874 697 2935 buno
713 2875 789 2936 baud
805 2883 926 2951 negant,
949 2896 1050 2937 rerum
1066 2879 1216 2955 superins.
1240 2879 1268 2936 in
1286 2874 1379 2941 colis,
1403 2882 1434 2934 ut
1449 2892 1537 2952 opor·

258 2986 318 3041 teat
338 2978 432 3038 acllruo
455 2977 591 3037 ricarium
613 2976 690 3037 aliud
713 2981 740 3037 in
764 2980 849 3039 terris
871 2988 958 3056 caput
979 2996 1051 3039 esse.
1546 2993 1573 3031 aa

322 3099 493 3142 uvrruuvs.
532 3079 594 3140 Non
623 3086 752 3156 oportet:
787 3097 853 3140 riam
883 3098 940 3158 quo
973 3081 1044 3141 milri
1077 3081 1222 3159 bicipitem
1257 3081 1333 3140 hanc.
1366 3078 1538 3140 eeclesiam?

259 3181 416 3269 ampli·
439 3192 446 3263 Ι
468 3200 565 3242 uonna
588 3182 672 3242 etiam
696 3183 724 3241 io
748 3183 833 3243 terris
848 3181 998 3243 nobiscnm
1015 3183 1145 3244 Christus
1168 3190 1225 3250 est,
1250 3185 1361 3259 eritque
1383 3189 1536 3260 perpetuo,

260 3284 403 3365 pollicitus
425 3283 492 3344 olim
515 3302 663 3361 nunquam
686 3283 754 3344 binc
776 3284 971 3345 discessurum
994 3288 1043 3345 set

322 3407 496 3449 uuacaroa.
532 3385 657 3447 llemiui.

321 3508 493 3552 averanus.
531 3488 676 3560 Quantum
704 3489 787 3550 aliast
814 3491 913 3567 igitur.
945 3497 976 3551 ut
997 3508 1078 3551 suani
1102 3492 1191 3550 vicem
1215 3490 1374 3550 committat
1396 3487 1456 3555 alii,
1485 3489 1573 3566 qniro

259 3592 320 3654 vult
348 3593 408 3671 ipsc
435 3594 595 3652 sustineret
623 3591 705 3662 Quorl
734 3592 757 3650 si
786 3592 895 3652 laceret
922 3593 1021 3659 ctiam,
1053 3600 1147 3651 tmmn
1177 3593 1323 3669 procucatori
1346 3591 1455 3651 bomini
1477 3608 1536 3649 rron

260 3697 440 3774 permitteret
462 3693 541 3772 quod
562 3696 608 3755 isti
630 3694 684 3754 sibi
706 3700 859 3769 arrogant,
889 3700 921 3753 ut
948 3692 1128 3771 dispensaret
1157 3693 1233 3762 lraec,
1263 3694 1370 3771 quippe
1399 3695 1447 3770 qni
1471 3699 1537 3769 post

261 3795 419 3873 ¹,⁸,²,⁸,²,⁵‚‘,¹¹¹{,⁰,„⁶,¹¹,¹·,j,j
435 3816 442 3884 p
465 3796 617 3874 repetitam
633 3795 763 3857 Caritatis
778 3795 989 3856 consessionem
1005 3794 1085 3855 illum
1101 3795 1217 3855 tanclcrn
1240 3802 1385 3872 pastorem
1400 3794 1536 3853 instituit:

193 3916 260 3966 troo.
272 3899 418 3978 quomodo
441 3900 527 3975 igitur
548 3899 610 3966 liet,
639 3905 671 3958 ut
698 3900 726 3959 in
755 3915 814 3975 quo
842 3897 914 3958 cleris
941 3897 1002 3974 ipse
1030 3896 1173 3957 delectum
1202 3896 1317 3962 babuit,
1347 3894 1403 3954 lroo
1426 3894 1535 3953 bomini

261 4001 348 4061 borno
370 4002 441 4059 nitra
464 3999 600 4060 iudicium
623 4018 676 4076 per
698 4016 801 4059 manns
822 3999 934 4059 tradat?
1546 4009 1573 4048 ³⁵

322 4121 497 4162 unnoarorc
535 4100 595 4161 lam
617 4099 744 4178 intelligo
767 4101 829 4161 lieri
852 4118 911 4160 nnn
934 4119 1027 4179 posse..

321 4222 490 4266 uvrrnnvs.
529 4202 620 4263 liliam
643 4203 699 4263 boc
720 4202 808 4280 igitur
829 4220 914 4280 posse
937 4219 1025 4279 nega,
1050 4201 1127 4279 qnotl
1151 4199 1189 4260 illi
1213 4200 1261 4260 dat
1282 4217 1333 4259 sua
1357 4200 1452 4264 cirria,
1476 4216 1534 4258 non

257 4304 444 4381 ⁸1⁰⁰“fit{‚⁸„1’‚‘,’,·:,·„¹
460 4305 467 4371 Ι
482 4322 582 4365 errare
604 4305 783 4381 pontificem,
807 4304 943 4382 ‹puiupuitl
967 4305 1065 4372 iaciat,
1089 4305 1165 4364 tlioat
1187 4311 1237 4362 aut
1259 4308 1379 4367 statiral:
1403 4320 1469 4361 oum
1493 4309 1534 4359 ta·

266 4358 318 4383 teu

323 4527 330 4558 ¹
350 4523 440 4591 Paul]
461 4525 495 4574 11.
510 4539 553 4589 op.
567 4525 601 4574 od
613 4525 731 4574 Timoth.
745 4526 781 4575 11.
795 4524 820 4574 ll.
873 4522 883 4555 ²
901 4524 958 4573 Lex
971 4528 1021 4573 att.
1037 4528 1059 4574 1.
1102 4521 1213 4588 Christ]
1233 4525 1269 4574 cl.
1284 4523 1379 4573 blottlr.
1394 4521 1424 4569 Υ.
1441 4519 1479 4569 li.
1493 4535 1533 4584 sq.

257 4609 278 4644 ¹⁵
296 4610 486 4676 conopostolos
499 4613 524 4659 2.
560 4607 580 4640 ¹²
592 4617 620 4652 ἢ·
637 4608 679 4658 Ol.
694 4610 808 4673 nctap.
817 4609 874 4658 XV.
887 4610 911 4656 li.
926 4607 1205 4659 Pnul.nd(lul.11.ll.
1240 4607 1262 4639 ²²
1279 4603 1450 4670 Parrl.ep.acl
1463 4605 1533 4669 Epir.

257 4694 333 4746 V.23.
349 4710 390 4759 op.
404 4695 426 4743 l.
440 4695 474 4744 nti
487 4693 544 4744 Col.
558 4695 578 4743 l.
595 4692 632 4743 18.
684 4691 705 4724 ²¹⁴
723 4694 818 4742 Ionun.
831 4694 893 4742 xit.
907 4692 947 4742 bl.
1001 4692 1022 4724 ⁹²
1041 4694 1086 4758 qui
1104 4690 1162 4756 &ol
1182 4693 1225 4742 Cf.
1239 4692 1338 4743 blnttlr.
1352 4691 1422 4741 xvi.
1439 4688 1476 4738 to.
1491 4706 1531 4754 sq.
