3382 5370
218 337 290 407 522
661 367 776 403 utinum
795 368 1064 403 PSEVDOMVTTEMICI.

158 529 219 580 l·‘·'³·
282 526 414 584 llceius.
451 528 612 594 Quemnam?
635 526 705 583 lund
728 527 798 583 enim
821 526 886 582 satis
910 526 1041 600 intelligo.

280 612 398 669 lutici.
439 611 592 669 Gloriosum
614 610 705 675 illum,
735 610 883 674 insulsum,
912 611 1053 686 supinum,
1082 621 1270 688 arrogantem,
1304 614 1381 671 cuins
1409 624 1500 690 pater,

216 697 293 754 cuins
315 706 414 759 mater,
438 697 555 754 nostin't

280 782 412 839 liceius.
449 782 517 849 Quid
540 783 566 838 ni
589 781 721 844 noverim,
754 781 832 839 cuius
860 799 948 858 nuper
976 782 1142 839 interfuerim
1172 784 1288 857 nuptiis,
1321 785 1413 858 ibique
1442 803 1500 841 non

216 867 326 942 penitus
348 867 428 924 invita
451 867 601 924 saltaverim
625 867 741 929 Venere,
770 884 819 923 nec
847 867 906 922 sinc
928 858 1102 940 irlaltcllarrnn
1125 886 1156 925 ac
1178 868 1361 942 orgrrtnlurum
1385 870 1523 927 lomina-a

218 970 277 1009 rum
299 953 390 1016 laude,
419 971 473 1027 (prro
496 953 577 1010 etiarn
599 953 626 1009 in
648 952 820 1026 explorandis
842 952 1003 1008 Littlrcranis
1025 954 1143 1025 negotiis
1165 972 1215 1026 pro
1239 953 1409 1027 speculatore
1432 973 1501 1012 usus

218 1056 290 1102 sum,
322 1056 382 1094 nam
411 1038 449 1093 illi
477 1055 507 1094 se
535 1039 647 1095 amicum
678 1036 809 1110 uergebat:
843 1054 934 1094 rerunt
961 1035 1090 1094 ttttttantt
1120 1039 1188 1094 lrarul
1218 1039 1359 1095 admodum
1380 1040 1499 1103 conlido.

217 1140 277 1180 nam
300 1132 327 1180 et
349 1124 407 1198 ipse
429 1124 597 1180 lutheranus
619 1131 670 1179 est.

280 1209 391 1265 Amici.
428 1209 482 1265 Nos
504 1226 566 1265 reru
590 1208 664 1264 illum
688 1207 735 1263 tilri
758 1206 947 1263 anticissimnm
970 1208 1139 1281 putabamus.

151 1293 209 1359 lli·
283 1294 415 1351 Eccius.
452 1294 489 1351 lta
512 1292 654 1349 simulabat
676 1292 808 1349 scelestus
830 1291 889 1354 ille,
922 1301 949 1348 et
971 1311 1023 1366 ego
1052 1295 1135 1349 lerrnc
1162 1293 1316 1356 credebam,
1351 1295 1396 1350 sed
1427 1293 1538 1350 lraudto

222 1380 288 1434 adeo
311 1379 413 1454 pridem
438 1378 510 1434 illins
532 1379 564 1436 ad
587 1396 628 1434 me
650 1376 800 1434 clanculum
822 1376 909 1433 delata
932 1387 974 1434 est
995 1377 1123 1454 epistula,
1158 1380 1183 1434 in
1214 1397 1265 1452 qrra
1295 1379 1365 1435 inter
1394 1378 1502 1454 reliqna

219 1464 371 1538 Soplristarn
392 1464 542 1538 gloriosum
565 1472 592 1520 et
614 1464 766 1519 Graecarum
789 1462 926 1519 literarum
952 1464 1072 1535 ignarum
1096 1463 1249 1539 appellarit.

281 1551 395 1606 Amici.
433 1549 500 1606 l'ere
522 1550 572 1605 nc?

283 1634 412 1691 Eccius.
451 1634 607 1693 verissime,
631 1633 677 1689 scd
700 1632 842 1708 epistolam
866 1633 936 1689 illum
959 1651 1094 1708 irrtnqnam
1117 1635 1149 1690 ad
1179 1653 1221 1691 nte
1246 1643 1434 1709 perventuram
1456 1652 1502 1690 ar·

160 1782 163 1787 .
218 1717 383 1782 liitruliutur,
416 1737 468 1793 ego
490 1737 553 1775 vero
575 1719 635 1775 data
659 1718 863 1793 opportunitate
886 1718 970 1792 prolie
1000 1737 1040 1775 me
1068 1719 1101 1775 de
1130 1720 1237 1776 lronriuc
1266 1719 1392 1782 ulciscar,
1427 1732 1537 1776 nuncts

220 1821 282 1860 roro
303 1804 472 1861 dissinrulare
495 1812 523 1860 et
545 1813 642 1860 ‘murm
665 1812 777 1878 praestat
798 1820 961 1877 componere
984 1804 1097 1860 lluctus'.

282 1890 398 1946 Amici.
436 1890 590 1964 Sapienter,
624 1898 651 1944 nt
675 1897 785 1951 ctrncta,
821 1906 852 1945 ne
876 1889 974 1944 madum
997 1889 1162 1952 accumules,
1195 1899 1223 1946 et
1251 1889 1369 1945 humeris
1392 1889 1501 1946 tandein

220 1975 306 2048 impar
328 1992 395 2032 unus
418 1975 548 2049 imponas.

152 2072 210 2121 §.aa
283 2060 413 2117 Eccius.
452 2060 547 2116 l'ernnr
571 2068 598 2115 et
620 2060 716 2115 tloctur·
738 2060 849 2116 llocleus
873 2060 923 2115 iam
946 2059 1122 2133 Nnrinliergm
1144 2077 1225 2132 apere
1248 2060 1348 2120 iertnr,
1371 2077 1402 2115 ex
1424 2059 1500 2117 ltalia

221 2162 307 2220 nuper
330 2164 465 2207 reversus,
489 2154 516 2201 et
539 2145 619 2202 factio
641 2144 881 2218 Augustincrrsium
906 2144 940 2200 ilii
963 2144 1032 2219 apml
1056 2145 1225 2218 potentiores
1247 2145 1346 2200 allatiru
1370 2146 1449 2219 riget.
1510 2159 1538 2198 ao

283 2230 400 2287 nutrici.
437 2230 503 2299 Qriid
527 2231 579 2292 ais,
603 2239 630 2285 et
652 2248 713 2286 cnm
735 2229 832 2285 tlocleo
856 2229 903 2284 titt
928 2230 1096 2286 intercedunt
1119 2228 1220 2285 trusbut

283 2315 412 2372 Eccins.
449 2315 495 2371 l'el
519 2315 638 2371 uinxinne
662 2315 768 2389 spndcm
791 2323 817 2370 et
840 2315 1043 2389 antiquissimus.

283 2402 401 2458 Amici.
438 2400 489 2456 lles
511 2400 623 2474 periculi
647 2399 738 2474 plena.
762 2409 791 2455 et
813 2400 955 2456 adnnulum
979 2400 1138 2461 timendum,
1163 2417 1196 2455 ne
1216 2399 1312 2474 cupitis
1328 2400 1427 2456 incidas
1444 2418 1502 2457 ver·

222 2486 346 2559 tiginem.
369 2486 395 2542 id
417 2486 488 2542 enim
510 2485 622 2541 Goelcns
644 2484 751 2540 allicere
773 2485 852 2540 sedet.
890 2485 940 2540 Sed
964 2502 1023 2558 qrrae
1045 2484 1239 2541 discordiarum
1262 2488 1358 2541 causa?

152 2585 211 2636 §.ru
284 2571 417 2627 Eccius.
455 2571 565 2626 L'suraur
588 2588 640 2642 ego
662 2570 848 2631 delcrnlelimn,
883 2587 962 2643 (praru
993 2568 1038 2624 ille
1065 2578 1181 2643 patrono
1210 2570 1273 2625 olim
1304 2588 1354 2626 suo
1382 2572 1539 2644 petroci-as

222 2672 288 2713 nans
310 2654 492 2731 oppugnabat.
529 2655 641 2728 insuper
664 2671 745 2727 qrrrmr
768 2655 895 2711 Bononiae
919 2654 1101 2711 foeneraticios
1123 2663 1278 2711 contractus
1308 2654 1415 2728 publice
1444 2655 1504 2714 lici·

223 2750 265 2798 tos
288 2759 347 2798 csse
369 2741 610 2800 demonstrassem.
633 2757 663 2796 ac
685 2756 739 2794 non
762 2739 849 2795 solnm
873 2739 936 2793 milri
961 2739 1031 2813 ipsi,
1055 2740 1100 2795 sed
1122 2748 1151 2795 et
1173 2739 1302 2796 universae
1318 2740 1420 2796 nationi
1437 2742 1504 2798 Ger·

219 2826 329 2883 manicas
351 2826 481 2882 honorem
504 2823 704 2899 aetpnisivissein
728 2823 877 2897 ingentem,
908 2823 952 2880 ille
982 2833 1069 2880 tarnen
1098 2842 1157 2880 cnm
1186 2841 1217 2880 ea
1238 2825 1271 2881 de
1294 2843 1323 2881 rc
1345 2825 1378 2880 ud
1400 2827 1503 2882 amicos

193 2904 362 2973 scriberet.
395 2911 545 2966 doctrinam
568 2917 595 2966 et
617 2907 736 2982 linguam
759 2917 785 2964 et
808 2917 901 2982 gestus
924 2917 950 2964 ct
973 2910 1111 2965 materiam
1135 2909 1219 2983 ipsam
1247 2909 1405 2982 sugillabat.
1439 2929 1500 2968 curn

220 2996 332 3052 loannes
355 2995 450 3057 t'abn,
475 2995 520 3068 qni
543 3004 570 3050 et
593 2994 650 3067 ipse
672 3011 731 3050 cnm
756 2994 781 3049 in
804 2994 930 3050 lmrcnmn
952 2994 1139 3056 descenderat,
1163 2994 1274 3050 nranimc
1298 2994 1441 3051 laudasset.
1511 3016 1539 3053 so

282 3081 399 3137 Amici.
436 3079 587 3137 Sceleratus
610 3077 664 3134 ille.

151 3179 210 3228 teu.
284 3165 413 3223 Eccins.
451 3165 574 3234 Quamvis
596 3163 676 3221 etiarn
701 3163 806 3225 literas,
836 3182 903 3239 qnos
926 3163 1121 3221 testimoniales
1144 3175 1255 3229 vocant,
1283 3166 1428 3221 anatiouc
1453 3167 1502 3222 im·

221 3259 379 3328 petrensem.

281 3337 376 3393 Puer.
413 3334 588 3410 Lipsensilius
611 3351 740 3408 praequam
762 3334 876 3396 similes,
899 3344 1036 3409 cuertrptas
1057 3344 1084 3391 et
1105 3335 1292 3393 emendicatas.
1331 3336 1381 3393 iarn
1397 3337 1501 3410 pridem

219 3423 290 3481 cuim
311 3423 376 3479 litles
399 3421 472 3477 illins
494 3420 588 3495 periit,
611 3419 654 3476 cni
677 3419 735 3475 sine
758 3418 845 3476 literis
868 3420 932 3476 tides
954 3421 1111 3493 tlencgatur.
1510 3440 1538 3478 us

286 3605 307 3638 ¹⁸
324 3603 594 3669 Varg.llen.l.135.
629 3600 1001 3652 ²⁸Ci.Mucrob.Sat.Vll.tl.
1038 3601 1061 3634 ²⁶
1079 3602 1188 3669 publice
1207 3608 1230 3654 1.
1268 3601 1290 3636 ²³
1310 3604 1457 3670 Germanis
1478 3611 1501 3656 1.

217 3690 239 3724 ¹⁹
252 3691 396 3756 sigillabat
407 3692 429 3738 1.
465 3687 488 3720 ³⁰
499 3686 639 3754 Io.Fabril
650 3688 825 3753 Augustanus
836 3688 896 3747 init,
905 3687 1151 3749 orosttomintci,
1166 3688 1356 3738 dissimiliuno
1367 3690 1503 3741 ctCarolo

218 3778 250 3828 V.
265 3793 281 3826 a
294 3774 520 3825 confessionibus.
539 3772 638 3836 rimo.
657 3788 807 3823 nonnanes.
830 3773 880 3838 Ep.
893 3773 972 3822 huius
986 3772 1069 3823 Fabri
1083 3773 1234 3824 adl'ircklr.
1248 3774 1273 3823 d.
1291 3772 1329 3823 12.
1343 3774 1412 3837 Aug.
1429 3772 1503 3825 t5ltt.

220 3862 245 3912 d.
261 3861 425 3923 (Heumann.
439 3858 545 3909 docum.
559 3858 599 3907 lit.
614 3857 699 3923 pot.)
713 3859 731 3907 i.
740 3859 759 3908 i.
773 3857 871 3908 habet:
891 3857 971 3918 „Etsi
984 3857 1132 3922 aliqnando
1146 3857 1275 3907 Cocleum
1293 3859 1347 3908 tuis
1364 3858 1503 3909 humanis-

219 3946 295 3997 simis
307 3944 396 3994 litsris
408 3943 580 3999 salutaveris,
591 3943 707 3993 inclinio
719 3944 795 4009 (rogo
805 3940 958 4008 humiliter)
969 3942 1193 4009 ‹prompturimum
1204 3943 1376 3993 commendes
1386 3959 1502 4009 qnoque.

218 4032 285 4081 Fuit
296 4029 368 4079 enim
381 4028 447 4077 mini
461 4029 488 4078 in
502 4028 687 4094 disputatione
701 4027 750 4077 illu
761 4028 943 4085 Bononiensi,
962 4043 1043 4092 qrram
1056 4034 1152 4078 contra
1164 4029 1280 4078 Eekium
1293 4028 1460 4094 disceptari,
1476 4036 1504 4080 et

222 4115 326 4164 amicus
340 4118 367 4163 ct
380 4113 485 4173 fautor,
505 4113 533 4162 id
546 4112 616 4177 qnod
629 4113 699 4162 sorte
713 4111 783 4162 alias
797 4128 829 4161 ox
841 4113 900 4162 viro
913 4112 960 4162 illo
973 4114 1074 4179 optimo
1087 4114 1262 4178 percepisti.''
1299 4112 1321 4145 ³⁰
1333 4118 1380 4163 tc.
1395 4113 1503 4178 quicum

220 4204 248 4250 ot
260 4198 278 4248 i.
291 4199 328 4247 in.
375 4195 398 4230 ⁸⁴
415 4197 519 4248 Adelm.
533 4197 566 4247 ad
579 4197 690 4248 Pirekh.
705 4198 731 4247 d.
744 4198 862 4263 uanug.
877 4214 902 4247 a.
913 4196 984 4247 lblll.
999 4199 1163 4260 (Heumann.
1178 4198 1237 4248 eloe.
1250 4198 1292 4252 lit.
1306 4215 1330 4263 p.
1346 4197 1415 4257 175.)
1434 4198 1502 4259 „So-

219 4284 313 4350 plrista
325 4299 396 4333 nnno
409 4282 480 4348 apud
498 4296 547 4331 nos
567 4288 623 4346 est,
642 4287 742 4332 etcum
755 4299 804 4348 por
816 4298 909 4332 omncs
921 4282 1053 4333 tabernas
1066 4299 1099 4333 ac
1112 4284 1261 4333 tonstrinas
1279 4282 1373 4333 literas
1386 4284 1503 4347 Lipsen-

219 4370 288 4421 sium
300 4368 355 4419 sibi
368 4368 448 4418 datas
466 4366 694 4429 circumtulisset,
714 4369 824 4418 tandem
844 4368 878 4418 ad
896 4368 1103 4433 imprimendum
1122 4369 1210 4430 dudit,
1231 4384 1283 4432 quo
1296 4367 1380 4418 latins
1393 4384 1452 4430 sua,
1473 4375 1504 4418 ut

220 4454 280 4520 ipse
294 4454 328 4504 do
340 4469 370 4504 so
383 4455 479 4514 iactat,
494 4452 637 4514 modestia,
652 4453 701 4503 sed
713 4455 805 4520 potius
817 4452 952 4516 molestia,
967 4459 1071 4518 pateat.
1092 4455 1197 4504 Mittam
1211 4453 1263 4503 tibi
1278 4453 1427 4518 exemplar,
1441 4469 1503 4504 cum

219 4543 318 4590 nactus
331 4539 416 4589 fuero.
440 4538 546 4599 Mirum,
561 4538 631 4603 qnod
645 4553 704 4589 uum
715 4538 812 4604 glorie,
826 4553 907 4603 qrrsm
919 4554 968 4604 por
980 4538 1055 4589 millo
1068 4538 1213 4589 mendacia
1225 4537 1382 4588 avidissime
1395 4538 1503 4588 deside-

219 4630 278 4685 rat,
298 4624 383 4690 fugit,
402 4639 435 4674 ac
448 4628 569 4674 nostrum
579 4623 727 4674 Martiarum
742 4624 893 4689 frigieutem
906 4626 1036 4688 sequitur.
1067 4623 1121 4674 Sed
1134 4623 1193 4674 hmo
1206 4627 1269 4672 sunt
1286 4623 1358 4673 fictoe
1375 4638 1503 4688 veraeque

221 4709 334 4763 virtutis
345 4709 486 4777 proemia.”
504 4722 653 4758 sisennas.
677 4707 810 4774 Ci.supro
822 4710 845 4767 13¹.
856 4706 894 4758 to.
913 4709 1037 4758 Meriana
1049 4710 1182 4759 modestia
1198 4709 1226 4757 in
1236 4708 1408 4774 proverbium
1425 4708 1505 4758 abiit.
