3382 5370
407 379 431 414 F.
446 378 471 415 Λ.
486 379 509 412 1¹⁸·
523 379 658 413 ornamur!
678 380 712 412 nr.
731 380 816 413 OBlTV
836 380 904 413 tt'htt
927 381 950 412 Ρ.
964 380 991 414 ll.
1048 379 1074 415 Α.
1088 378 1251 416 D.!.D.1111·
1390 347 1455 418 441

189 536 354 591 thoritatem.
396 544 528 608 praeterea
550 536 640 592 nullus
663 537 705 592 hie
728 537 841 598 assidet.
870 537 934 611 quin
958 536 1008 592 sibi
1030 545 1109 611 putet
1130 536 1230 610 aliquid
1250 537 1376 593 adversus
1398 554 1465 612 pon·

190 620 287 677 tilieenn
310 619 391 676 licere
414 620 521 676 correilii
545 619 641 685 titulo,
676 622 800 677 nimirum
823 622 888 678 alias
914 621 1048 678 invictum.
1093 621 1206 696 proinde
1225 622 1266 677 vix
1289 621 1373 679 ullum
1401 640 1466 679 con·

188 704 278 761 eilirnn
299 713 351 760 tam
377 705 492 761 feliciter
512 706 610 767 cessit,
639 707 703 782 quin
726 725 845 763 summus
869 706 913 763 illc
941 707 1063 780 pontifex
1092 724 1145 763 non
1172 705 1288 780 aliquam
1316 707 1463 764 maiestatis

189 808 244 845 suae
264 790 393 846 iacturam
412 791 542 853 senserit,
571 792 714 866 rninusqne
736 810 855 848 summus
877 792 1047 847 discesserit:
1078 792 1154 848 euius
1181 791 1220 848 rei
1243 791 1282 847 rel
1306 793 1363 866 ipse
1387 793 1464 849 testis
1474 799 1533 849 §.tt-

166 891 249 931 scsse
272 885 364 949 putes.
388 876 438 931 nisi
463 893 577 950 prorsus
597 877 708 933 excidit:
741 894 801 932 narn
824 887 1061 951 quantumcunque
1086 877 1193 950 quidem
1213 877 1245 933 de
1267 877 1347 933 rebus
1368 877 1464 950 ageba·

191 969 235 1015 tur
258 960 391 1021 leviculis.
415 978 467 1017 aron
490 961 522 1016 de
546 962 666 1035 imperiis
686 971 713 1018 et
740 963 822 1035 regiis
843 961 983 1022 censibus,
1005 970 1092 1017 tamen
1115 961 1224 1019 lacobus
1246 980 1327 1018 aursus
1346 971 1389 1018 est
1413 971 1465 1020 tuae

191 1046 307 1101 orationi
332 1063 386 1101 non
409 1045 475 1101 nibil
496 1046 529 1102 de
550 1064 599 1101 suo
621 1047 734 1103 addere:
756 1048 854 1103 etenim
873 1065 932 1103 eum
956 1054 984 1102 tu
1009 1046 1125 1120 gentiles
1149 1064 1230 1103 onere
1253 1047 1374 1105 llusaicae
1397 1046 1465 1122 legis

190 1130 215 1185 in
239 1138 325 1185 totum
349 1131 492 1191 liberares,
526 1131 637 1188 lacobus
660 1132 805 1188 succedens
829 1132 1032 1188 fornicationem
1056 1132 1173 1206 excepit.
1208 1141 1235 1187 et
1257 1134 1415 1206 sanguinem
1438 1144 1465 1190 et

188 1214 384 1290 idolothytum,
413 1215 493 1270 veluti
517 1218 657 1290 corrigens
678 1226 749 1274 tuam
770 1218 946 1279 sententiam,
974 1226 1004 1272 ut
1028 1216 1184 1294 bodie‚sint
1203 1216 1249 1289 qui
1273 1218 1322 1275 hac
1342 1235 1371 1273 re
1393 1236 1465 1275 conr·

156 1300 255 1355 tomoti
279 1319 333 1356 non
357 1301 420 1363 tibi.
443 1300 488 1357 secl
510 1301 605 1357 laeoho
628 1311 723 1376 putent
746 1303 828 1359 luisse
850 1303 945 1358 summi
966 1300 1102 1376 pontificis
1124 1302 1323 1359 authoritatem.

250 1386 383 1442 Petrus.
420 1386 505 1442 Unum
529 1387 613 1460 igitur
632 1388 806 1461 spectandum
829 1387 978 1448 existimas.
1004 1394 1034 1442 ut
1054 1385 1125 1442 salva
1141 1387 1176 1442 sit
1195 1387 1268 1460 regia
1285 1388 1381 1443 summi
1396 1392 1532 1463 poa-ton

190 1470 267 1527 tihcis
288 1472 427 1533 maiestas.
450 1489 480 1528 ac
501 1489 555 1527 non
575 1472 661 1546 magis
683 1471 789 1546 publica
813 1472 916 1530 utilitas
939 1472 978 1528 rei
1000 1472 1176 1529 Christianae?

252 1555 370 1611 lulius.
404 1557 443 1613 hd
465 1574 542 1613 suarm
562 1558 676 1631 quisque
694 1559 836 1631 negocium
852 1567 970 1632 spectat,
995 1575 1044 1613 nos
1060 1563 1182 1612 nostrum
1198 1558 1302 1631 egimus
1318 1559 1464 1632 negotium.

250 1641 383 1697 Petrus.
421 1643 502 1716 Atqui
531 1643 553 1696 si
575 1641 698 1698 Christus
726 1643 796 1699 idem
818 1643 940 1704 lecisset,
971 1642 1022 1698 ianr
1051 1659 1104 1698 non
1129 1652 1202 1698 esset
1228 1642 1355 1705 ecclesia,
1389 1644 1465 1699 cuins

159 1733 216 1781 rste
238 1728 408 1782 monarcham
432 1728 536 1783 iaetilas
557 1745 632 1789 esse:
653 1736 679 1783 et
703 1745 755 1783 uon
776 1728 853 1784 video
873 1729 918 1801 qui
941 1727 1097 1798 conveniat,
1120 1735 1151 1782 ut
1172 1728 1216 1800 qui
1232 1727 1331 1783 Christi
1352 1728 1465 1785 vicarius

188 1810 318 1885 appellari
341 1812 469 1885 gaudeat,
492 1811 600 1868 Christo
621 1813 726 1871 diversa
748 1821 885 1886 sequatur.
925 1812 977 1868 Sed
1000 1812 1065 1867 illud
1081 1813 1132 1867 iam
1148 1813 1255 1885 expedi,
1278 1829 1392 1886 quianam
1407 1822 1464 1870 arte
1475 1815 1534 1865 §.tl-

187 1895 384 1952 schismaticum
408 1896 487 1959 illud,
511 1898 550 1953 uti
571 1908 599 1953 tu
623 1915 714 1960 rocas.
736 1898 878 1954 concilium
899 1897 1076 1953 discusseris?

251 1981 367 2037 lulius.
406 1982 492 2038 bisam
515 1983 651 2056 equidem.
674 1999 818 2055 assequere
834 1983 856 2037 si
873 1990 965 2055 potes:
995 1982 1112 2037 Primum
1133 1982 1323 2056 Imperatorem
1350 1983 1466 2040 llaximi·

189 2064 287 2121 lienum
309 2084 369 2122 cum
393 2085 441 2141 per
462 2067 589 2124 solennes
610 2067 720 2123 nuutios
743 2066 886 2123 concilium
910 2067 1055 2127 indixerat.
1078 2083 1127 2140 per
1149 2084 1203 2124 non
1226 2068 1353 2123 dicendos
1372 2070 1465 2126 modos

155 2149 225 2205 mab
241 2152 366 2207 instituto
383 2152 504 2208 subduxi.
534 2153 669 2210 Praeterea
685 2152 833 2209 cardinales
850 2151 954 2225 aliquot
968 2161 1026 2208 arte
1045 2150 1125 2207 simili
1141 2152 1263 2226 persuasi
1285 2161 1314 2209 ut
1330 2154 1401 2227 quod
1417 2173 1466 2228 pu·

187 2234 293 2292 hlicntis
316 2238 365 2293 inm
390 2238 577 2293 instrumentis
594 2245 757 2299 statuerant.
785 2255 892 2293 rursum
913 2237 1006 2294 accitis
1021 2237 1135 2294 notariis
1153 2245 1181 2293 et
1197 2236 1311 2294 testibus
1326 2249 1465 2312 negarent.

249 2321 380 2378 Petrus.
413 2325 452 2377 hn
475 2323 547 2380 istud
570 2322 651 2378 licet?

247 2405 367 2462 lulius.
405 2406 472 2475 oum
496 2409 521 2463 ni
542 2407 621 2464 liceat
643 2407 811 2482 approbante
831 2424 934 2464 summo
956 2406 1100 2481 pontifice?
1474 2411 1534 2460 §.tt

249 2491 385 2547 Petrus.
424 2491 511 2560 Quid?
546 2493 630 2565 igitur
653 2494 675 2548 si
697 2492 781 2554 volet.
816 2492 999 2549 iusiurandum
1029 2492 1212 2548 iusiurandum
1237 2509 1291 2549 non
1318 2502 1372 2557 est,
1400 2503 1465 2552 uta

155 2589 245 2651 eoquo
269 2577 368 2650 passim
392 2594 461 2651 quis
485 2576 540 2633 vult
562 2577 676 2633 liberat?

248 2661 372 2717 lulius.
408 2661 458 2718 Sed
481 2671 568 2719 tamen
588 2672 618 2718 nt
641 2663 756 2738 ingenue
773 2664 874 2726 dicam,
908 2672 966 2718 erat
989 2662 1015 2718 id
1038 2661 1118 2736 paulo
1147 2662 1253 2735 quidem
1277 2663 1465 2736 impudentius,

189 2764 281 2803 serum
304 2764 358 2803 non
382 2747 489 2822 patebat
511 2748 550 2802 via
572 2749 746 2804 commodior.
786 2748 883 2804 Deinde
903 2765 962 2803 cum
986 2747 1105 2803 ridebam
1130 2747 1250 2802 futurum
1275 2757 1302 2803 ut
1324 2749 1466 2806 nonnullo·

187 2848 247 2887 rum
269 2832 368 2887 invidia
390 2833 505 2889 concilio
527 2850 683 2906 premerer,
712 2833 825 2889 maxime
849 2834 920 2906 quod
939 2833 977 2889 sic
996 2841 1069 2888 esset
1091 2832 1234 2893 indictum,
1256 2840 1285 2886 nt
1308 2849 1361 2889 nrm
1378 2834 1466 2891 esclu-

186 2916 279 2977 derer.
309 2918 354 2972 sed
381 2917 540 2992 suppliciter
561 2918 688 2973 imitarer
707 2935 873 2992 rogarerque
894 2918 1054 2992 presidere.
1084 2918 1141 2973 ride
1164 2935 1243 2991 quam
1268 2918 1319 2973 iarn
1344 2919 1465 2976 technam

256 3185 296 3216 ¹³⁰
315 3188 475 3238 Preterenl.
496 3187 621 3250 Denique
629 3186 824 3238 mansura.
864 3184 874 3216 ³
893 3186 957 3250 quin
969 3190 992 3235 1.
1012 3187 1060 3234 sed
1077 3202 1125 3234 non
1137 3187 1275 3252 ornicsosp.
1290 3201 1343 3235 non
1391 3187 1465 3254 quin]

188 3274 425 3323 assassinis.
476 3267 613 3321 ⁴disterit
632 3273 654 3322 1.
675 3271 734 3325 (non
753 3270 807 3327 10.)
854 3269 950 3319 5Νιιιιι
969 3267 1027 3334 elo]
1053 3271 1091 3331 Cf.
1110 3271 1168 3320 Aet.
1188 3272 1280 3334 Apost.
1299 3272 1355 3324 XV.
1369 3272 1394 3322 5.
1408 3289 1465 3338 sqq.

187 3355 254 3403 Nam
269 3371 421 3419 ‹paranqnnnr
434 3361 491 3403 tum
510 3351 590 3416 (mn.
610 3360 711 3405 temen.
726 3360 749 3409 8.
770 3355 894 3418 tunell.)
908 3371 933 3419 q.
941 3355 966 3404 d.
975 3354 1085 3404 nleuie.
1095 3371 1138 3420 eg.
1148 3358 1273 3407 saun.
1310 3355 1321 3386 ⁸
1340 3356 1466 3408 leviculis

189 3454 232 3502 ng.
249 3442 286 3487 15.
341 3439 477 3497 censibus,
497 3446 526 3489 ut
544 3455 623 3500 nune,
643 3443 838 3491 nasonem.
892 3437 992 3504 tamen]
1013 3441 1046 3488 eit
1060 3441 1082 3488 1.
1103 3453 1163 3488 cum
1178 3442 1216 3487 m.
1252 3438 1381 3490 ⁸adders
1399 3445 1466 3493 sm.

189 3523 528 3576 adiicere2.3.5.8.lt.15.
599 3528 796 3578 luonrr's.5.l5.
866 3523 1042 3573 ⁸liberesses
1062 3526 1212 3576 2.3.5.8.11,
1281 3522 1383 3589 Iacob]
1406 3527 1465 3575 Aet.

189 3611 346 3671 Apost.l.c.
364 3607 440 3661 neo.
471 3609 613 3669 „scrihere
634 3611 668 3659 nd
688 3627 747 3670 eos,
773 3617 801 3659 nt
822 3610 981 3659 obstineant
1000 3623 1028 3656 se
1054 3608 1368 3658 econtsrninstionibus
1386 3610 1466 3659 simu-

190 3693 322 3741 lacrorum
343 3699 370 3742 ct
389 3695 572 3744 lomicetione
592 3700 619 3742 el
637 3695 779 3745 suffocatis
804 3702 831 3744 el
855 3694 1016 3758 snuguine'‘.
1085 3689 1239 3757 ⁹idoloth.]
1264 3686 1465 3753 εἰδωλόθυτον,

189 3777 268 3825 idolis
288 3778 456 3827 irrrrrolotnm.
510 3779 644 3843 hodieque
664 3783 787 3831 2.3.8.11.
818 3780 898 3829 bodie
918 3780 1109 3842 quoqne5.15.
1168 3775 1187 3808 ¹¹
1206 3777 1294 3826 Unum
1312 3781 1380 3828 ornis.
1394 3783 1466 3832 5.15.

188 3863 225 3925 ig.
239 3861 305 3909 illud
318 3879 358 3926 sp.
372 3866 523 3915 sessui.
560 3862 580 3894 ¹¹
599 3865 638 3912 rei
653 3867 718 3916 blo.
739 3866 806 3929 reip.
821 3866 946 3917 nmen.
984 3860 1003 3892 ¹³
1016 3862 1159 3925 negocium
1168 3859 1205 3926 lp.
1214 3863 1280 3914 ΜΟ.
1301 3863 1466 3913 commodum

187 3949 383 3998 sensnum.
453 3949 665 4012 negotiumue
686 3952 778 4002 1.5.15.
814 3950 957 4015 negocium
977 3949 1145 3998 santoni.
1217 3945 1236 3978 ¹⁴
1258 3951 1466 3999 honestem.

187 4035 277 4079 ιιιιιε2.
310 4047 343 4079 ιιι·
359 4035 454 4083 MAI.
501 4031 830 4084 ¹¹⁰t=sseioetitns2.3.5.
862 4049 920 4083 esse
940 4032 1199 4083 institutorem.
1246 4029 1466 4083 “lcilmntieum

189 4119 211 4166 l.
225 4123 249 4162 nt
267 4119 339 4165 solet.
411 4115 697 4167 18’19ἔιῐιιιιίιιιὶἰίιιιιιιιιι
721 4119 772 4178 (sie
792 4119 863 4167 enirn
882 4118 994 4179 uocant)
1017 4123 1048 4165 ut
1071 4124 1113 4165 est
1135 4132 1203 4166 rums
1222 4119 1340 4167 omnium
1357 4118 1466 4168 minime

187 4199 324 4259 difficilis,
345 4204 456 4250 tunactsi
475 4202 661 4264 (tsn1e113.8.)
680 4205 941 4265 per2.3.5‚8.11.15.
1006 4201 1026 4232 ¹⁹
1045 4202 1160 4250 nuncios
1178 4205 1371 4255 samonem.
1426 4208 1466 4252 tn-

188 4299 248 4331 nren
268 4299 321 4332 non
340 4283 464 4335 dicendis
482 4287 568 4336 modis
588 4286 622 4335 sb
641 4287 703 4336 inst.
718 4287 813 4335 seduxi
833 4290 1028 4338 sessum.
1053 4285 1179 4349 (subduxi
1194 4290 1290 4339 3.8.11.
1316 4284 1467 4353 [Imperato-

186 4386 237 4417 rem
255 4370 304 4417 sa'br'
319 4385 487 4420 successorem
502 4374 561 4434 sure
578 4373 723 4434 promisisse
741 4374 840 4420 uidetur
849 4369 988 4436 postesse]
1024 4370 1046 4402 ²⁰
1064 4370 1257 4421 cardinalibus
1269 4376 1466 4426 sahanas.

186 4453 206 4485 ²¹
227 4469 331 4503 rursum
349 4457 418 4504 omis.
432 4460 503 4505 5.15.
558 4455 736 4515 potestibus,
757 4459 951 4509 2.3.5.8.11.15.
1009 4457 1139 4522 negarint
1157 4460 1229 4506 ms.
1260 4463 1396 4521 negarunt
1409 4461 1467 4511 3.5.

187 4542 473 4601 summensteten.
521 4539 542 4570 ²¹
560 4539 645 4589 violet
660 4544 699 4592 1⁵.
747 4541 931 4590 iusiurandum
949 4547 1024 4591 semel
1041 4549 1135 4591 tantum
1153 4541 1243 4591 hahent
1263 4544 1329 4593 mo,
1375 4541 1468 4607 ”qui-

187 4625 247 4673 dem
267 4624 348 4690 paulo
367 4626 535 4674 zeonem.
566 4625 592 4673 id
612 4630 672 4674 eret
690 4624 771 4689 petalo
790 4625 898 4689 quidem
916 4629 939 4675 5.
1014 4625 1035 4658 ²⁷
1053 4632 1084 4675 ut
1102 4627 1173 4692 apud
1196 4626 1339 4676 nonnullos
1363 4627 1468 4677 inuidia

187 4709 305 4759 Concilii
325 4712 518 4759 nassum.
