3382 5370
487 339 537 387 111.
609 352 746 388 »inserens
767 352 788 386 s.
809 352 889 387 arne.
926 353 1073 387 ninnoors.
1095 337 1176 400 (tots.)

186 514 274 585 atque
297 507 434 574 bisunt,
458 526 583 585 quorum
607 507 669 567 luen
691 506 757 567 ilias
780 525 869 584 capax
894 514 950 576 est,
975 525 1039 586 quae
1061 506 1168 586 alioqui

390 607 551 669 Stultorum
574 629 677 688 regum
700 616 729 670 et
752 608 926 686 populorum
950 610 1079 669 eontinet
1100 616 1196 669 aestus.

188 706 271 778 Onod
301 707 511 788 intelligentem
541 711 736 790 eonspderare
765 718 881 788 oportet
903 711 1073 788 priusquam
1096 711 1294 788 aggrediatur,
1329 730 1365 771 an
1388 719 1541 791 epiusitt.

188 810 225 868 sit
246 809 309 869 lirae
339 809 422 871 obire
452 812 559 872 rnnnia.
605 831 673 873 nam
702 819 809 891 praeter
838 832 870 873 ea
900 831 965 890 quae
993 813 1051 872 dixi
1079 813 1147 890 quid
1174 813 1203 872 in
1228 811 1291 873 anla
1319 814 1472 875 terendum

162 912 239 977 ssit.
276 911 349 971 nihil
380 922 408 973 te
438 912 549 973 celabo.
588 933 621 973 ae
648 917 775 992 primum
804 914 948 983 omnium,
986 914 1063 992 quod
1094 914 1130 974 de
1159 914 1339 975 immunitate
1369 916 1473 985 elisisti,

189 1031 254 1090 quae
276 1020 377 1091 posset
398 1016 427 1074 in
451 1015 505 1075 liae
528 1016 666 1076 seruitute
689 1017 856 1076 immunitas
879 1016 959 1076 esse?
983 1034 1069 1095 (piram
1092 1014 1246 1076 uudestnm
1270 1024 1313 1077 est
1327 1025 1424 1078 autem
1440 1038 1474 1078 ac

189 1115 341 1192 irulignnm
365 1117 461 1176 onmia
486 1117 649 1186 humiliter,
680 1118 776 1177 ornnia
803 1116 947 1177 sulunisse
975 1125 1004 1176 et
1031 1117 1144 1177 abiecte
1169 1118 1284 1177 tacerel
1317 1137 1384 1179 nam
1407 1138 1473 1180 cnm

188 1218 307 1277 nrunino
330 1219 454 1278 seruitus
476 1220 513 1278 sit
534 1218 626 1279 aulica
655 1220 724 1288 rita,
753 1238 807 1279 nee
837 1218 922 1278 aliam
952 1217 1175 1297 appellationem
1203 1220 1297 1297 capiat
1323 1237 1411 1298 qnam
1441 1239 1473 1280 ea

187 1337 253 1397 quae
275 1319 386 1379 iaciunt
409 1321 529 1399 emptitii
552 1320 606 1390 illi,
636 1321 752 1400 (parando
775 1338 881 1380 troruen
906 1321 982 1381 baud
1005 1322 1175 1398 effugimus,
1205 1321 1231 1379 in
1260 1339 1293 1380 re
1315 1321 1375 1400 ipsa
1398 1321 1474 1382 sola·

154 1415 261 1480 ¹rotinrn
284 1423 444 1500 repositum
466 1422 578 1484 babere
600 1422 794 1491 dolebamus,
824 1430 855 1481 ut
877 1429 954 1483 esset
975 1423 1037 1482 liaee
1059 1421 1169 1482 seilicet
1190 1420 1318 1482 liberalis
1338 1423 1471 1484 servitus.

187 1523 223 1583 dt
245 1542 304 1583 non
327 1531 430 1602 putant
452 1542 530 1584 mine
554 1525 700 1603 principes
722 1524 838 1603 aliquod
862 1541 925 1584 esse
947 1525 1022 1583 inter
1044 1543 1075 1583 se
1098 1530 1127 1582 et
1148 1522 1296 1583 ministros
1318 1543 1387 1584 snos
1415 1526 1542 1586 uis-§.rs

188 1626 316 1695 crimen,
350 1627 405 1685 nisi
433 1625 467 1687 ad
499 1624 703 1687 contumeliam
733 1644 826 1705 usquo
855 1632 973 1685 utantur
996 1643 1084 1702 opera
1108 1632 1221 1685 nostra:
1256 1627 1353 1705 itaque
1376 1626 1475 1688 rolirnt

187 1727 403 1796 assiduitatem,
427 1727 529 1788 rolrmt
551 1728 688 1797 sudores,
712 1726 812 1787 colunt
834 1746 952 1807 qnoque
975 1734 1039 1786 earrt
1064 1734 1095 1788 nt
1117 1745 1148 1787 se
1171 1727 1248 1787 velut
1270 1729 1388 1806 propria
1411 1747 1475 1789 nm·

187 1828 240 1889 bra
264 1831 453 1899 comitemur,
483 1848 577 1908 neque
606 1838 704 1890 amant
732 1849 907 1908 quemquam
936 1830 990 1889 nisi
1018 1830 1068 1907 qni
1090 1830 1118 1888 in
1141 1828 1233 1889 oeulis
1255 1828 1309 1890 sibi
1333 1837 1475 1909 perpetuo

156 1939 247 1998 nest,
271 1938 301 1991 et
323 1950 373 1991 eos
396 1931 549 2009 benignius
572 1931 682 1992 liabent
696 1933 745 2010 qai
761 1931 875 2009 obstipo
891 1939 958 1990 ante
973 1949 1004 1990 se
1021 1932 1128 2007 capite,
1152 1933 1266 2009 quoties
1282 1933 1474 2009 respexerint,

188 2032 343 2101 inclinant,
367 2033 475 2112 quihus
496 2032 580 2112 agilia
603 2044 671 2093 sum
694 2052 802 2111 giurua,
827 2034 875 2111 qud
899 2050 1000 2091 omnes
1016 2030 1131 2092 illorum
1147 2039 1251 2102 nutns,
1274 2033 1381 2092 nednnr
1398 2035 1474 2094 iussa

188 2134 360 2202 olisertant,
384 2137 434 2214 qni
450 2137 631 2196 ceremonias
646 2134 755 2195 aulicas
771 2153 824 2213 pro
840 2133 954 2210 iegibus
977 2133 1077 2192 colunt
1092 2142 1178 2213 atquc
1195 2135 1283 2212 igitur
1298 2153 1357 2195 uno
1374 2152 1475 2194 omnes

188 2237 291 2297 ordine
315 2236 420 2297 callent
442 2243 470 2297 ot
494 2244 694 2316 exequuntur,
728 2238 765 2297 ita
796 2243 827 2295 ut
852 2237 875 2295 si
902 2234 993 2294 latum
1023 2234 1059 2295 ab
1088 2235 1133 2295 liis
1164 2254 1292 2314 unguem
1315 2236 1474 2304 discedant,

188 2337 335 2416 piaculum
360 2339 416 2399 lroe
439 2341 483 2399 sit.
529 2338 653 2417 proimle
676 2338 842 2399 desertores
866 2344 968 2397 cocant
984 2355 1036 2396 eos
1052 2355 1126 2416 qnos
1140 2355 1200 2396 non
1215 2355 1332 2416 semper
1347 2339 1376 2398 iu
1393 2346 1475 2415 tergo

154 2440 335 2503 alterantes
356 2441 410 2502 sibi
434 2442 656 2518 conspexerint,
686 2441 778 2516 magis
800 2457 887 2518 (quam
911 2440 1010 2518 quiin
1034 2441 1096 2500 acie
1125 2438 1222 2499 loreum
1251 2447 1417 2509 cesserunt,
1447 2446 1476 2499 et

188 2561 335 2602 summunt
358 2542 486 2603 studium
509 2551 567 2611 est,
602 2549 633 2601 nt
655 2549 734 2601 recte
763 2542 920 2601 misceatur
948 2542 1035 2619 regiae
1064 2559 1177 2619 pompm
1208 2542 1354 2610 incessuS,
1384 2548 1417 2601 nt
1439 2540 1474 2600 ad

189 2663 305 2705 omnem
329 2644 470 2723 principis
492 2645 627 2703 intuitum
651 2642 756 2721 palleat
779 2645 843 2723 qnis
865 2663 899 2703 ae
914 2643 1035 2702 attonito
1051 2642 1152 2703 similis
1167 2645 1212 2704 sit.
1250 2645 1293 2704 dn
1310 2661 1367 2702 nain
1385 2644 1471 2712 rideS,
1483 2653 1543 2703 §.ta

188 2755 217 2806 ut
242 2747 319 2825 apud
343 2747 397 2806 lios
419 2745 591 2806 titubantem
615 2744 713 2805 elicere
736 2752 851 2822 oportet
873 2764 907 2805 ae
929 2763 990 2823 pue
1021 2745 1125 2805 timore
1157 2745 1310 2805 stillantem
1338 2763 1474 2805 nonnun-

189 2849 295 2927 quam?
318 2854 346 2907 et
369 2854 627 2927 quantumcunque
650 2847 767 2926 aliquod
790 2847 931 2908 familiare
954 2854 983 2909 et
1004 2848 1141 2924 exignum
1165 2855 1208 2907 est
1223 2848 1395 2923 negocium,
1419 2866 1475 2926 qna

156 2950 397 3030 asperplexitato.
422 2968 509 3029 quam
532 2949 699 3009 tiastrainer
721 2968 755 3008 ae
777 2951 890 3028 trepide
914 2949 960 3010 ille
982 2959 1049 3028 agat
1071 2957 1184 3018 orator,
1209 2957 1240 3008 nt

390 3051 616 3128 Lugdunensem
640 3052 741 3111 rluetm·
764 3051 895 3111 dicturus
918 3052 952 3111 ad
976 3054 1076 3111 aram?

189 3152 243 3214 l'bi
264 3152 428 3232 perieulum
452 3163 496 3213 est
525 3155 548 3213 si
577 3154 605 3212 in
637 3152 712 3213 tituli
742 3154 985 3232 pronunciatione
1013 3153 1057 3213 rel
1086 3153 1224 3233 syllabam
1252 3153 1476 3233 praetermiseris

189 3342 388 3352 ——.

256 3474 263 3510 ¹
283 3475 353 3543 haee]
377 3483 403 3526 nt
422 3477 552 3527 malornm
569 3464 651 3535 Ἰλιάς
670 3494 711 3541 op.
733 3477 783 3526 Cic.
802 3477 837 3526 nil
854 3474 1049 3526 Are.v111.1t.
1130 3475 1141 3506 ²
1158 3477 1254 3525 Horat.
1273 3477 1361 3541 Epist.
1383 3477 1403 3525 l.
1422 3477 1475 3535 ’2,8.

189 3561 400 3613 ‘cetahoedd
453 3562 580 3612 lAulion
599 3563 667 3612 ritu.
697 3567 816 3625 retorps.
870 3562 891 3594 ¹⁰
909 3561 1049 3611 Liberalis
1067 3561 1195 3609 servitus.
1225 3577 1303 3624 iiior-p.
1317 3566 1341 3610 5.
1384 3559 1404 3591 ¹⁵
1423 3568 1473 3611 est.

189 3650 225 3698 ΙΙ.
244 3650 289 3699 sit.
308 3650 366 3698 edd.
420 3649 546 3714 obstippo
566 3651 667 3697 1...5.o.
678 3650 717 3696 10.
772 3649 825 3714 ipsi
842 3655 900 3713 prosi
920 3652 992 3712 quot.
1013 3646 1111 3695 dedll.
1157 3643 1177 3675 ¹¹³
1196 3644 1318 3705 .QniH.
1360 3643 1473 3708 ¹⁷.Qni

189 3735 225 3784 II.
262 3733 620 3785 ¹⁸‹ttsced11nt5.corr.lt.
691 3734 712 3764 ¹⁹
736 3749 802 3798 qnos
826 3751 879 3784 non
903 3729 1016 3798 semperl
1043 3733 1071 3780 in
1094 3736 1171 3794 tergo
1195 3727 1307 3792 lroerentl
1333 3730 1386 3778 sibi
1411 3747 1472 3780 con·

189 3817 336 3885 spexerintl
360 3826 384 3868 tn
401 3835 480 3882 irrrmp.
494 3824 519 3868 5.
534 3820 568 3868 H.
583 3821 665 3868 deleto
684 3821 806 3868 editorum
842 3821 888 3883 qui
912 3833 965 3867 nou
984 3815 1067 3880 (nom.
1081 3815 1120 3878 5.)
1140 3829 1247 3877 semper
1271 3815 1298 3862 in
1321 3820 1399 3880 tergo
1418 3815 1472 3864 sibi

188 3905 307 3967 harene,
340 3905 475 3970 thrnnrque
494 3919 560 3968 (qnos
579 3920 632 3952 non
687 3920 780 3968 consp.
799 3911 823 3953 et
843 3905 888 3967 qui
905 3919 959 3953 non
1011 3901 1130 3961 hmrent,
1151 3903 1247 3962 recepit
1266 3901 1309 3948 13.
1344 3895 1367 3929 ²⁰
1384 3899 1472 3948 locum

190 3991 225 4040 II.
245 3990 306 4039 loeo
324 3991 383 4039 edil.
403 3989 489 4051 (etitem
509 3989 566 4049 13.)
618 3987 637 4019 ²¹
659 3989 783 4038 incessus
803 3990 838 4038 ΙΙ.
858 3989 988 4052 strepitus
1005 3988 1064 4035 erld.
1117 3983 1139 4016 ²²
1157 3982 1261 4049 pallent
1273 3980 1331 4048 ete]
1351 3988 1381 4032 ut
1393 3983 1472 4034 Iure-

189 4073 245 4123 nal.
259 4080 311 4123 sot.
325 4075 402 4123 Xlll.
415 4073 473 4123 223.
493 4074 530 4122 lli
549 4079 611 4121 snm
630 4074 675 4136 qni
694 4074 834 4138 trepidant
853 4079 880 4122 et
900 4073 934 4122 nd
952 4073 1043 4120 ornnio
1067 4069 1177 4133 lulgnro
1200 4067 1313 4133 pollent.
1382 4064 1404 4098 ²³
1423 4068 1472 4118 lios

188 4159 334 4208 onitate!
400 4154 547 4208 ²³.EtII.
577 4157 674 4219 Vides,
694 4159 753 4207 edd.
822 4155 844 4188 ²⁵
862 4164 929 4221 ngat
941 4157 977 4205 ΙΙ.
1008 4155 1076 4204 dicit
1094 4155 1152 4203 edil.
1183 4154 1296 4203 lrorolor
1313 4155 1470 4204 5.cor·r·.ll.

188 4240 210 4274 ²⁸
228 4242 316 4307 Lngd.
331 4238 412 4307 rhet]
431 4241 556 4290 latrenal.
570 4247 624 4292 set.
637 4243 659 4291 1.
672 4241 714 4290 ll.
745 4241 855 4291 Sueten.
869 4240 987 4306 Caligul.
1000 4239 1042 4290 ⁶20.
1062 4240 1176 4301 „Edidit
1195 4244 1222 4289 et
1234 4254 1349 4304 peregre
1362 4246 1471 4305 specte·

189 4328 266 4389 cula,
286 4327 313 4376 in
326 4326 424 4377 Sicilia
437 4327 581 4390 Syroerrain
601 4328 705 4376 asticos
722 4325 813 4384 ludos,
839 4327 911 4375 etin
931 4325 1024 4375 Gellia
1042 4325 1169 4389 Lugduni
1192 4323 1338 4374 miseellos.
1374 4324 1469 4373 sedet

188 4417 329 4463 certamen
348 4427 454 4477 quoqne
473 4411 579 4462 (iroecae
598 4413 760 4475 Latinaeque
780 4411 931 4460 incondite:
955 4425 1007 4474 quo
1031 4411 1182 4460 certamine
1207 4410 1299 4458 ierunt
1320 4407 1470 4458 uictoribus

187 4497 302 4564 praemio
319 4498 409 4548 rietes
428 4496 591 4559 contudisse,
613 4496 759 4547 eorundem
778 4501 806 4545 et
823 4494 919 4544 luridos
938 4510 1091 4560 conponere
1109 4500 1234 4553 cooet0s3
1255 4509 1301 4543 eos
1320 4498 1410 4542 ntalem
1424 4495 1469 4557 qni

188 4585 305 4633 maxime
324 4582 544 4648 displicuissent,
573 4582 679 4648 scripta
697 4598 747 4632 siro
765 4581 881 4646 spongia
899 4579 1030 4644 linguave
1053 4578 1144 4629 delere
1169 4580 1271 4641 iussos,
1295 4578 1348 4626 arisi
1373 4578 1469 4627 ferulis

186 4667 327 4733 obiurgari
347 4675 395 4718 ortt
413 4668 521 4718 flrrrriine
540 4668 663 4733 proximo
681 4667 766 4732 mergi
785 4664 972 4714 moluiseeut''.
1024 4662 1046 4695 ²⁷
1064 4665 1088 4713 si
1105 4666 1174 4714 ontio.
1190 4666 1232 4713 ta.

1201 4748 1247 4806 5*
