<?xml version="1.0" encoding="UTF-8"?>
<!DOCTYPE html PUBLIC "-//W3C//DTD XHTML 1.0 Transitional//EN"
    "http://www.w3.org/TR/xhtml1/DTD/xhtml1-transitional.dtd">
<html xmlns="http://www.w3.org/1999/xhtml" xml:lang="en" lang="en">
 <head>
  <title>
</title>
<meta http-equiv="Content-Type" content="text/html;charset=utf-8" />
  <meta name='ocr-system' content='tesseract 3.04.00' />
  <meta name='ocr-capabilities' content='ocr_page ocr_carea ocr_par ocr_line ocrx_word'/>
</head>
<body>
  <div class='ocr_page' id='page_1' title='image "./ulrichihuttenie09huttgoog_0163.png"; bbox 0 0 3382 5370; ppageno 0'>
   <div class='ocr_carea' id='block_1_1' title="bbox 300 1107 1578 2705">
    <p class='ocr_par' dir='ltr' id='par_1_1' title="bbox 300 1107 1578 2448">
     <span class='ocr_line' id='line_1_1' title="bbox 370 1107 1576 1174; baseline -0.001 -17"><span class='ocrx_word' id='word_1_1' title='bbox 370 1108 489 1158; x_wconf 81' lang='lat' dir='ltr'>Vadisoo</span> <span class='ocrx_word' id='word_1_2' title='bbox 507 1107 617 1172; x_wconf 80' lang='lat' dir='ltr'>dialogo</span> <span class='ocrx_word' id='word_1_3' title='bbox 633 1107 806 1173; x_wconf 84' lang='lat' dir='ltr'>praet&#39;atiouis</span> <span class='ocrx_word' id='word_1_4' title='bbox 824 1107 885 1158; x_wconf 85' lang='lat' dir='ltr'>loeo</span> <span class='ocrx_word' id='word_1_5' title='bbox 902 1109 1043 1174; x_wconf 82' lang='lat' dir='ltr'>praemiaaa</span> <span class='ocrx_word' id='word_1_6' title='bbox 1062 1107 1181 1174; x_wconf 78' lang='lat' dir='ltr'><strong>epistula</strong></span> <span class='ocrx_word' id='word_1_7' title='bbox 1199 1107 1363 1158; x_wconf 76' lang='lat' dir='ltr'><strong>Sebastiano</strong></span> <span class='ocrx_word' id='word_1_8' title='bbox 1381 1107 1414 1156; x_wconf 89' lang='lat' dir='ltr'>de</span> <span class='ocrx_word' id='word_1_9' title='bbox 1433 1107 1576 1157; x_wconf 81' lang='lat' dir='ltr'>itoteuhan</span> 
     </span>
     <span class='ocr_line' id='line_1_2' title="bbox 304 1192 1576 1260; baseline -0.001 -18"><span class='ocrx_word' id='word_1_10' title='bbox 304 1208 337 1242; x_wconf 90' lang='lat' dir='ltr'>ex</span> <span class='ocrx_word' id='word_1_11' title='bbox 354 1193 559 1259; x_wconf 83' lang='lat' dir='ltr'>propugnaculo</span> <span class='ocrx_word' id='word_1_12' title='bbox 577 1192 760 1260; x_wconf 82' lang='lat' dir='ltr'>Steclrelberg</span> <span class='ocrx_word' id='word_1_13' title='bbox 771 1194 864 1244; x_wconf 79' lang='lat' dir='ltr'>Idibus</span> <span class='ocrx_word' id='word_1_14' title='bbox 876 1192 1035 1243; x_wconf 82' lang='lat' dir='ltr'>Februariis</span> <span class='ocrx_word' id='word_1_15' title='bbox 1049 1194 1113 1242; x_wconf 85' lang='lat' dir='ltr'>anui</span> <span class='ocrx_word' id='word_1_16' title='bbox 1126 1193 1269 1243; x_wconf 60' lang='lat' dir='ltr'>maxx.</span> <span class='ocrx_word' id='word_1_17' title='bbox 1283 1193 1385 1257; x_wconf 77' lang='lat' dir='ltr'>scripta</span> <span class='ocrx_word' id='word_1_18' title='bbox 1397 1193 1497 1241; x_wconf 79' lang='lat' dir='ltr'><strong>Latine</strong></span> <span class='ocrx_word' id='word_1_19' title='bbox 1511 1193 1576 1241; x_wconf 91' lang='lat' dir='ltr'>Ger·</span> 
     </span>
     <span class='ocr_line' id='line_1_3' title="bbox 303 1276 1575 1344; baseline -0.002 -17"><span class='ocrx_word' id='word_1_20' title='bbox 303 1279 466 1342; x_wconf 83' lang='lat' dir='ltr'>manicequa</span> <span class='ocrx_word' id='word_1_21' title='bbox 480 1278 604 1328; x_wconf 84' lang='lat' dir='ltr'>exhibita</span> <span class='ocrx_word' id='word_1_22' title='bbox 623 1282 665 1326; x_wconf 79' lang='lat' dir='ltr'>eat</span> <span class='ocrx_word' id='word_1_23' title='bbox 682 1278 736 1328; x_wconf 81' lang='lat' dir='ltr'>vol.</span> <span class='ocrx_word' id='word_1_24' title='bbox 749 1279 770 1327; x_wconf 88' lang='lat'>1.</span> <span class='ocrx_word' id='word_1_25' title='bbox 784 1295 809 1328; x_wconf 88' lang='lat' dir='ltr'>u.</span> <span class='ocrx_word' id='word_1_26' title='bbox 824 1279 907 1329; x_wconf 83' lang='lat' dir='ltr'><strong>CLII.</strong></span> <span class='ocrx_word' id='word_1_27' title='bbox 921 1294 1003 1344; x_wconf 79' lang='lat' dir='ltr'>pagg.</span> <span class='ocrx_word' id='word_1_28' title='bbox 1017 1277 1122 1343; x_wconf 76' lang='lat' dir='ltr'>³22.oq.</span> <span class='ocrx_word' id='word_1_29' title='bbox 1142 1278 1184 1328; x_wconf 81' lang='lat' dir='ltr'>cf.</span> <span class='ocrx_word' id='word_1_30' title='bbox 1197 1277 1284 1328; x_wconf 86' lang='lat' dir='ltr'>ludio.</span> <span class='ocrx_word' id='word_1_31' title='bbox 1298 1276 1425 1342; x_wconf 86' lang='lat' dir='ltr'>bibliogr.</span> <span class='ocrx_word' id='word_1_32' title='bbox 1438 1293 1464 1326; x_wconf 88' lang='lat' dir='ltr'>n.</span> <span class='ocrx_word' id='word_1_33' title='bbox 1478 1277 1575 1326; x_wconf 80' lang='lat' dir='ltr'>xxvl.</span> 
     </span>
     <span class='ocr_line' id='line_1_4' title="bbox 303 1361 1578 1429; baseline -0.002 -16"><span class='ocrx_word' id='word_1_34' title='bbox 303 1364 344 1413; x_wconf 83' lang='lat' dir='ltr'>Ex</span> <span class='ocrx_word' id='word_1_35' title='bbox 361 1369 478 1429; x_wconf 88' lang='lat' dir='ltr'>paterna</span> <span class='ocrx_word' id='word_1_36' title='bbox 496 1378 559 1412; x_wconf 85' lang='lat' dir='ltr'>arco</span> <span class='ocrx_word' id='word_1_37' title='bbox 578 1361 778 1429; x_wconf 79' lang='lat' dir='ltr'>Steckelberga</span> <span class='ocrx_word' id='word_1_38' title='bbox 796 1364 934 1413; x_wconf 84' lang='lat' dir='ltr'>Huttonuo</span> <span class='ocrx_word' id='word_1_39' title='bbox 952 1363 997 1412; x_wconf 91' lang='lat' dir='ltr'>die</span> <span class='ocrx_word' id='word_1_40' title='bbox 1015 1361 1055 1412; x_wconf 78' lang='lat'>28.</span> <span class='ocrx_word' id='word_1_41' title='bbox 1069 1362 1150 1412; x_wconf 84' lang='lat' dir='ltr'>Febr.</span> <span class='ocrx_word' id='word_1_42' title='bbox 1165 1361 1199 1412; x_wconf 83' lang='lat' dir='ltr'>ad</span> <span class='ocrx_word' id='word_1_43' title='bbox 1211 1361 1449 1412; x_wconf 83' lang='lat' dir='ltr'>Melanchthonem</span> <span class='ocrx_word' id='word_1_44' title='bbox 1467 1363 1578 1426; x_wconf 81' lang='lat' dir='ltr'>scripsit</span> 
     </span>
     <span class='ocr_line' id='line_1_5' title="bbox 304 1436 1576 1513; baseline -0.002 -16"><span class='ocrx_word' id='word_1_45' title='bbox 304 1447 393 1510; x_wconf 88' lang='lat' dir='ltr'>„Mihi</span> <span class='ocrx_word' id='word_1_46' title='bbox 420 1463 492 1497; x_wconf 84' lang='lat' dir='ltr'>nunc</span> <span class='ocrx_word' id='word_1_47' title='bbox 520 1446 624 1513; x_wconf 77' lang='lat' dir='ltr'>dialogi</span> <span class='ocrx_word' id='word_1_48' title='bbox 648 1436 816 1498; x_wconf 84' lang='lat' dir='ltr'>excuduntur</span> <span class='ocrx_word' id='word_1_49' title='bbox 838 1448 918 1500; x_wconf 83' lang='lat' dir='ltr'>Triaa</span> <span class='ocrx_word' id='word_1_50' title='bbox 941 1447 1063 1498; x_wconf 83' lang='lat' dir='ltr'>Romana</span> <span class='ocrx_word' id='word_1_51' title='bbox 1093 1452 1120 1498; x_wconf 86' lang='lat' dir='ltr'>et</span> <span class='ocrx_word' id='word_1_52' title='bbox 1143 1447 1351 1512; x_wconf 79' lang='lat' dir='ltr'>inspicientes.”</span> <span class='ocrx_word' id='word_1_53' title='bbox 1388 1447 1464 1510; x_wconf 76' lang='lat' dir='ltr'>(vide</span> <span class='ocrx_word' id='word_1_54' title='bbox 1488 1446 1541 1496; x_wconf 85' lang='lat' dir='ltr'>vol.</span> <span class='ocrx_word' id='word_1_55' title='bbox 1555 1448 1576 1496; x_wconf 89' lang='lat'>1.</span> 
     </span>
     <span class='ocr_line' id='line_1_6' title="bbox 303 1523 1577 1599; baseline -0.002 -16"><span class='ocrx_word' id='word_1_56' title='bbox 303 1549 329 1598; x_wconf 81' lang='lat' dir='ltr'>p.</span> <span class='ocrx_word' id='word_1_57' title='bbox 342 1531 412 1594; x_wconf 76' lang='lat'>325.)</span> <span class='ocrx_word' id='word_1_58' title='bbox 432 1547 525 1582; x_wconf 83' lang='lat' dir='ltr'>menae</span> <span class='ocrx_word' id='word_1_59' title='bbox 538 1532 625 1599; x_wconf 78' lang='lat' dir='ltr'>Aprili</span> <span class='ocrx_word' id='word_1_60' title='bbox 637 1538 697 1584; x_wconf 88' lang='lat' dir='ltr'>tota</span> <span class='ocrx_word' id='word_1_61' title='bbox 709 1532 877 1598; x_wconf 77' lang='lat' dir='ltr'>dialogorum</span> <span class='ocrx_word' id='word_1_62' title='bbox 896 1523 1000 1590; x_wconf 76' lang='grc' dir='ltr'><em>πεντάς</em></span> <span class='ocrx_word' id='word_1_63' title='bbox 1017 1532 1126 1598; x_wconf 88' lang='lat' dir='ltr'>prodiit.</span> <span class='ocrx_word' id='word_1_64' title='bbox 1146 1531 1421 1597; x_wconf 83' lang='lat' dir='ltr'>(ef.1udic.bibiiogr.</span> <span class='ocrx_word' id='word_1_65' title='bbox 1436 1549 1461 1597; x_wconf 89' lang='lat' dir='ltr'>p.</span> <span class='ocrx_word' id='word_1_66' title='bbox 1474 1530 1535 1581; x_wconf 67' lang='lat'><strong>48²⁸.</strong></span> <span class='ocrx_word' id='word_1_67' title='bbox 1550 1532 1577 1580; x_wconf 92' lang='lat' dir='ltr'>in</span> 
     </span>
     <span class='ocr_line' id='line_1_7' title="bbox 302 1615 1576 1684; baseline -0.001 -18"><span class='ocrx_word' id='word_1_68' title='bbox 302 1616 376 1679; x_wconf 82' lang='lat' dir='ltr'>line.)</span> <span class='ocrx_word' id='word_1_69' title='bbox 396 1617 511 1682; x_wconf 75' lang='lat' dir='ltr'>adparet</span> <span class='ocrx_word' id='word_1_70' title='bbox 529 1618 622 1682; x_wconf 87' lang='lat' dir='ltr'>itaque</span> <span class='ocrx_word' id='word_1_71' title='bbox 641 1618 712 1668; x_wconf 86' lang='lat' dir='ltr'>huno</span> <span class='ocrx_word' id='word_1_72' title='bbox 731 1617 868 1684; x_wconf 81' lang='lat' dir='ltr'>dialogum</span> <span class='ocrx_word' id='word_1_73' title='bbox 881 1634 930 1684; x_wconf 87' lang='lat' dir='ltr'>per</span> <span class='ocrx_word' id='word_1_74' title='bbox 941 1618 1058 1667; x_wconf 78' lang='lat' dir='ltr'>hiemem</span> <span class='ocrx_word' id='word_1_75' title='bbox 1071 1634 1096 1667; x_wconf 83' lang='lat' dir='ltr'>a.</span> <span class='ocrx_word' id='word_1_76' title='bbox 1112 1615 1184 1667; x_wconf 79' lang='lat'>1519.</span> <span class='ocrx_word' id='word_1_77' title='bbox 1198 1617 1366 1683; x_wconf 81' lang='lat' dir='ltr'>conpositum</span> <span class='ocrx_word' id='word_1_78' title='bbox 1380 1618 1477 1678; x_wconf 79' lang='lat' dir='ltr'>fuisse,</span> <span class='ocrx_word' id='word_1_79' title='bbox 1497 1632 1576 1681; x_wconf 92' lang='lat' dir='ltr'>quam</span> 
     </span>
     <span class='ocr_line' id='line_1_8' title="bbox 301 1700 1577 1768; baseline 0 -18"><span class='ocrx_word' id='word_1_80' title='bbox 301 1703 436 1751; x_wconf 80' lang='lat' dir='ltr'>rationem</span> <span class='ocrx_word' id='word_1_81' title='bbox 446 1703 518 1751; x_wconf 90' lang='lat' dir='ltr'>inter</span> <span class='ocrx_word' id='word_1_82' title='bbox 529 1703 598 1754; x_wconf 84' lang='lat' dir='ltr'>alios</span> <span class='ocrx_word' id='word_1_83' title='bbox 609 1704 688 1753; x_wconf 75' lang='lat' dir='ltr'>liuius</span> <span class='ocrx_word' id='word_1_84' title='bbox 698 1703 803 1768; x_wconf 81' lang='lat' dir='ltr'>dialogi</span> <span class='ocrx_word' id='word_1_85' title='bbox 814 1703 889 1753; x_wconf 87' lang='lat' dir='ltr'>locos</span> <span class='ocrx_word' id='word_1_86' title='bbox 902 1702 1063 1752; x_wconf 84' lang='lat' dir='ltr'>confirmant</span> <span class='ocrx_word' id='word_1_87' title='bbox 1074 1702 1157 1752; x_wconf 87' lang='lat' dir='ltr'>etiam</span> <span class='ocrx_word' id='word_1_88' title='bbox 1168 1702 1207 1764; x_wconf 68' lang='lat'>§5-</span> <span class='ocrx_word' id='word_1_89' title='bbox 1219 1701 1243 1751; x_wconf 85' lang='lat'>8.</span> <span class='ocrx_word' id='word_1_90' title='bbox 1254 1700 1381 1751; x_wconf 81' lang='lat' dir='ltr'>18.3o.-</span> <span class='ocrx_word' id='word_1_91' title='bbox 1398 1702 1452 1751; x_wconf 85' lang='lat' dir='ltr'>Sub</span> <span class='ocrx_word' id='word_1_92' title='bbox 1464 1701 1577 1751; x_wconf 80' lang='lat' dir='ltr'>Vadiaci</span> 
     </span>
     <span class='ocr_line' id='line_1_9' title="bbox 301 1786 1577 1851; baseline -0.002 -14"><span class='ocrx_word' id='word_1_93' title='bbox 301 1788 409 1837; x_wconf 87' lang='lat' dir='ltr'>nomine</span> <span class='ocrx_word' id='word_1_94' title='bbox 423 1786 532 1837; x_wconf 83' lang='lat' dir='ltr'>Crotum</span> <span class='ocrx_word' id='word_1_95' title='bbox 545 1788 698 1839; x_wconf 86' lang='lat' dir='ltr'>Rubiauum</span> <span class='ocrx_word' id='word_1_96' title='bbox 718 1789 835 1839; x_wconf 83' lang='lat' dir='ltr'>amioum</span> <span class='ocrx_word' id='word_1_97' title='bbox 852 1803 929 1838; x_wconf 74' lang='lat' dir='ltr'>aarum</span> <span class='ocrx_word' id='word_1_98' title='bbox 941 1789 1093 1848; x_wconf 64' lang='lat' dir='ltr'>illatenus,</span> <span class='ocrx_word' id='word_1_99' title='bbox 1113 1793 1137 1837; x_wconf 83' lang='lat' dir='ltr'>ai</span> <span class='ocrx_word' id='word_1_100' title='bbox 1150 1793 1225 1837; x_wconf 86' lang='lat' dir='ltr'>reete</span> <span class='ocrx_word' id='word_1_101' title='bbox 1238 1787 1370 1848; x_wconf 84' lang='lat' dir='ltr'>divinavi,</span> <span class='ocrx_word' id='word_1_102' title='bbox 1388 1787 1465 1836; x_wconf 87' lang='lat' dir='ltr'>nobis</span> <span class='ocrx_word' id='word_1_103' title='bbox 1478 1801 1577 1851; x_wconf 69' lang='lat' dir='ltr'>repra»-</span> 
     </span>
     <span class='ocr_line' id='line_1_10' title="bbox 301 1870 1578 1937; baseline 0 -16"><span class='ocrx_word' id='word_1_104' title='bbox 301 1877 406 1934; x_wconf 81' lang='lat' dir='ltr'>oentat,</span> <span class='ocrx_word' id='word_1_105' title='bbox 427 1877 455 1922; x_wconf 87' lang='lat' dir='ltr'>et</span> <span class='ocrx_word' id='word_1_106' title='bbox 472 1873 637 1923; x_wconf 83' lang='lat' dir='ltr'>Eruholdum</span> <span class='ocrx_word' id='word_1_107' title='bbox 655 1873 777 1923; x_wconf 86' lang='lat' dir='ltr'>Hutteuo</span> <span class='ocrx_word' id='word_1_108' title='bbox 794 1870 941 1923; x_wconf 80' lang='lat' dir='ltr'>liruoldum</span> <span class='ocrx_word' id='word_1_109' title='bbox 960 1873 993 1922; x_wconf 89' lang='lat' dir='ltr'>de</span> <span class='ocrx_word' id='word_1_110' title='bbox 1006 1872 1146 1937; x_wconf 81' lang='lat' dir='ltr'>Glauberg</span> <span class='ocrx_word' id='word_1_111' title='bbox 1163 1871 1248 1921; x_wconf 79' lang='lat' dir='ltr'>fuisse</span> <span class='ocrx_word' id='word_1_112' title='bbox 1266 1871 1399 1937; x_wconf 86' lang='lat' dir='ltr'>suspicor.</span> <span class='ocrx_word' id='word_1_113' title='bbox 1417 1873 1448 1920; x_wconf 87' lang='lat' dir='ltr'>ln</span> <span class='ocrx_word' id='word_1_114' title='bbox 1466 1871 1578 1937; x_wconf 85' lang='lat' dir='ltr'>dialogo</span> 
     </span>
     <span class='ocr_line' id='line_1_11' title="bbox 301 1956 1577 2023; baseline -0.002 -16"><span class='ocrx_word' id='word_1_115' title='bbox 301 1959 375 2007; x_wconf 82' lang='lat' dir='ltr'>inira</span> <span class='ocrx_word' id='word_1_116' title='bbox 398 1958 547 2023; x_wconf 86' lang='lat' dir='ltr'>repetendo</span> <span class='ocrx_word' id='word_1_117' title='bbox 572 1958 616 2008; x_wconf 86' lang='lat' dir='ltr'>cui</span> <span class='ocrx_word' id='word_1_118' title='bbox 639 1958 799 2007; x_wconf 80' lang='lat' dir='ltr'>inscribitur</span> <span class='ocrx_word' id='word_1_119' title='bbox 818 1957 923 2022; x_wconf 78' lang='lat' dir='ltr'>‘Pugna</span> <span class='ocrx_word' id='word_1_120' title='bbox 945 1958 1066 2023; x_wconf 83' lang='lat' dir='ltr'>pietatis&#39;</span> <span class='ocrx_word' id='word_1_121' title='bbox 1084 1957 1218 2007; x_wconf 82' lang='lat' dir='ltr'>Vadioeua</span> <span class='ocrx_word' id='word_1_122' title='bbox 1237 1956 1392 2023; x_wconf 84' lang='lat' dir='ltr'>appellatur</span> <span class='ocrx_word' id='word_1_123' title='bbox 1411 1956 1467 2006; x_wconf 88' lang='lat' dir='ltr'>‘ille</span> <span class='ocrx_word' id='word_1_124' title='bbox 1480 1956 1577 2006; x_wconf 86' lang='lat' dir='ltr'>Roma·</span> 
     </span>
     <span class='ocr_line' id='line_1_12' title="bbox 301 2041 1577 2109; baseline -0.002 -18"><span class='ocrx_word' id='word_1_125' title='bbox 301 2058 351 2093; x_wconf 76' lang='lat' dir='ltr'>nus</span> <span class='ocrx_word' id='word_1_126' title='bbox 370 2042 481 2106; x_wconf 76' lang='lat' dir='ltr'>oonsul&#39;,</span> <span class='ocrx_word' id='word_1_127' title='bbox 507 2045 552 2109; x_wconf 90' lang='lat' dir='ltr'>qui</span> <span class='ocrx_word' id='word_1_128' title='bbox 578 2044 695 2095; x_wconf 77' lang='lat' dir='ltr'>‘ociosus</span> <span class='ocrx_word' id='word_1_129' title='bbox 717 2042 785 2093; x_wconf 88' lang='lat' dir='ltr'>nihil</span> <span class='ocrx_word' id='word_1_130' title='bbox 810 2044 869 2108; x_wconf 83' lang='lat' dir='ltr'>agit</span> <span class='ocrx_word' id='word_1_131' title='bbox 892 2042 967 2092; x_wconf 87' lang='lat' dir='ltr'>aliud</span> <span class='ocrx_word' id='word_1_132' title='bbox 990 2057 1069 2107; x_wconf 89' lang='lat' dir='ltr'>quam</span> <span class='ocrx_word' id='word_1_133' title='bbox 1094 2042 1163 2107; x_wconf 90' lang='lat' dir='ltr'>quod</span> <span class='ocrx_word' id='word_1_134' title='bbox 1187 2043 1301 2092; x_wconf 89' lang='lat' dir='ltr'>aliorum</span> <span class='ocrx_word' id='word_1_135' title='bbox 1325 2057 1412 2091; x_wconf 83' lang='lat' dir='ltr'>mores</span> <span class='ocrx_word' id='word_1_136' title='bbox 1431 2041 1577 2091; x_wconf 60' lang='lat' dir='ltr'>observat!</span> 
     </span>
     <span class='ocr_line' id='line_1_13' title="bbox 300 2126 1577 2195; baseline -0.002 -18"><span class='ocrx_word' id='word_1_137' title='bbox 300 2128 379 2178; x_wconf 85' lang='lat' dir='ltr'>Hune</span> <span class='ocrx_word' id='word_1_138' title='bbox 398 2131 486 2195; x_wconf 86' lang='lat' dir='ltr'>ipaum</span> <span class='ocrx_word' id='word_1_139' title='bbox 504 2128 643 2194; x_wconf 82' lang='lat' dir='ltr'>dialogum</span> <span class='ocrx_word' id='word_1_140' title='bbox 655 2127 737 2178; x_wconf 84' lang='lat' dir='ltr'>Croto</span> <span class='ocrx_word' id='word_1_141' title='bbox 757 2129 880 2194; x_wconf 90' lang='lat' dir='ltr'>equidem</span> <span class='ocrx_word' id='word_1_142' title='bbox 899 2127 1123 2178; x_wconf 83' lang='lat' dir='ltr'>adiudicaverim.</span> <span class='ocrx_word' id='word_1_143' title='bbox 1137 2152 1169 2162; x_wconf 90' lang='lat'>—</span> <span class='ocrx_word' id='word_1_144' title='bbox 1181 2127 1234 2177; x_wconf 81' lang='lat' dir='ltr'>Vix</span> <span class='ocrx_word' id='word_1_145' title='bbox 1251 2142 1318 2193; x_wconf 83' lang='lat' dir='ltr'>opus</span> <span class='ocrx_word' id='word_1_146' title='bbox 1331 2128 1384 2177; x_wconf 86' lang='lat' dir='ltr'>erit</span> <span class='ocrx_word' id='word_1_147' title='bbox 1395 2126 1496 2175; x_wconf 77' lang='lat' dir='ltr'>diserte</span> <span class='ocrx_word' id='word_1_148' title='bbox 1509 2141 1577 2191; x_wconf 70' lang='lat' dir='ltr'>prae·</span> 
     </span>
     <span class='ocr_line' id='line_1_14' title="bbox 301 2210 1577 2278; baseline -0.002 -17"><span class='ocrx_word' id='word_1_149' title='bbox 301 2228 409 2264; x_wconf 87' lang='lat' dir='ltr'>mouere</span> <span class='ocrx_word' id='word_1_150' title='bbox 433 2214 504 2264; x_wconf 86' lang='lat' dir='ltr'>hauc</span> <span class='ocrx_word' id='word_1_151' title='bbox 522 2213 652 2263; x_wconf 86' lang='lat' dir='ltr'>Triadum</span> <span class='ocrx_word' id='word_1_152' title='bbox 671 2213 784 2263; x_wconf 82' lang='lat' dir='ltr'>formam</span> <span class='ocrx_word' id='word_1_153' title='bbox 802 2228 890 2277; x_wconf 88' lang='lat' dir='ltr'>noque</span> <span class='ocrx_word' id='word_1_154' title='bbox 914 2228 946 2261; x_wconf 81' lang='lat' dir='ltr'>ex</span> <span class='ocrx_word' id='word_1_155' title='bbox 969 2212 1088 2278; x_wconf 81' lang='lat' dir='ltr'>trilogiio</span> <span class='ocrx_word' id='word_1_156' title='bbox 1106 2211 1262 2262; x_wconf 76' lang='lat' dir='ltr'>Graecorum</span> <span class='ocrx_word' id='word_1_157' title='bbox 1282 2227 1369 2275; x_wconf 86' lang='lat' dir='ltr'>neque</span> <span class='ocrx_word' id='word_1_158' title='bbox 1393 2227 1426 2260; x_wconf 83' lang='lat' dir='ltr'>ex</span> <span class='ocrx_word' id='word_1_159' title='bbox 1444 2210 1577 2260; x_wconf 87' lang='lat' dir='ltr'>triadibua</span> 
     </span>
     <span class='ocr_line' id='line_1_15' title="bbox 301 2296 1577 2362; baseline -0.002 -15"><span class='ocrx_word' id='word_1_160' title='bbox 301 2296 462 2358; x_wconf 79' lang='lat' dir='ltr'>Cambricis‚</span> <span class='ocrx_word' id='word_1_161' title='bbox 476 2298 524 2349; x_wconf 86' lang='lat' dir='ltr'>aed</span> <span class='ocrx_word' id='word_1_162' title='bbox 537 2298 743 2349; x_wconf 78' lang='lat' dir='ltr'>exclrristianis</span> <span class='ocrx_word' id='word_1_163' title='bbox 756 2297 987 2362; x_wconf 86' lang='lat' dir='ltr'>tripartitionibus</span> <span class='ocrx_word' id='word_1_164' title='bbox 999 2296 1168 2362; x_wconf 79' lang='lat' dir='ltr'>desumptam</span> <span class='ocrx_word' id='word_1_165' title='bbox 1182 2312 1250 2348; x_wconf 77' lang='lat' dir='ltr'>essa.</span> <span class='ocrx_word' id='word_1_166' title='bbox 1268 2304 1388 2347; x_wconf 82' lang='lat' dir='ltr'>ceterum</span> <span class='ocrx_word' id='word_1_167' title='bbox 1395 2296 1484 2346; x_wconf 72' lang='lat' dir='ltr'>Graeci</span> <span class='ocrx_word' id='word_1_168' title='bbox 1494 2297 1577 2345; x_wconf 85' lang='lat' dir='ltr'>otiam</span> 
     </span>
     <span class='ocr_line' id='line_1_16' title="bbox 300 2380 1436 2448; baseline 0 -18"><span class='ocrx_word' id='word_1_169' title='bbox 300 2386 357 2432; x_wconf 90' lang='lat' dir='ltr'>tum</span> <span class='ocrx_word' id='word_1_170' title='bbox 375 2383 409 2433; x_wconf 86' lang='lat' dir='ltr'>da</span> <span class='ocrx_word' id='word_1_171' title='bbox 428 2383 515 2432; x_wconf 84' lang='lat' dir='ltr'>tribua</span> <span class='ocrx_word' id='word_1_172' title='bbox 533 2383 693 2445; x_wconf 79' lang='lat' dir='ltr'>virtutibus,</span> <span class='ocrx_word' id='word_1_173' title='bbox 712 2391 742 2433; x_wconf 88' lang='lat' dir='ltr'>ut</span> <span class='ocrx_word' id='word_1_174' title='bbox 760 2382 832 2448; x_wconf 86' lang='lat' dir='ltr'>apud</span> <span class='ocrx_word' id='word_1_175' title='bbox 850 2382 986 2432; x_wconf 82' lang='lat' dir='ltr'>Stobmum</span> <span class='ocrx_word' id='word_1_176' title='bbox 1006 2380 1039 2444; x_wconf 91' lang='grc' dir='ltr'>(Ι.</span> <span class='ocrx_word' id='word_1_177' title='bbox 1052 2381 1089 2443; x_wconf 84' lang='grc'>8,)</span> <span class='ocrx_word' id='word_1_178' title='bbox 1107 2382 1253 2448; x_wconf 80' lang='lat' dir='ltr'>Euripides</span> <span class='ocrx_word' id='word_1_179' title='bbox 1271 2383 1298 2431; x_wconf 89' lang='lat' dir='ltr'>in</span> <span class='ocrx_word' id='word_1_180' title='bbox 1317 2382 1436 2447; x_wconf 78' lang='lat' dir='ltr'>Antiopa</span> 
     </span>
    </p>

    <p class='ocr_par' dir='ltr' id='par_1_2' title="bbox 502 2457 1288 2705">
     <span class='ocr_line' id='line_1_17' title="bbox 505 2457 1288 2532; baseline -0.003 -14"><span class='ocrx_word' id='word_1_181' title='bbox 505 2468 589 2532; x_wconf 77' lang='grc' dir='ltr'><strong><em>Τρεῖς</em></strong></span> <span class='ocrx_word' id='word_1_182' title='bbox 608 2462 681 2518; x_wconf 76' lang='grc' dir='ltr'>εἰσὶν</span> <span class='ocrx_word' id='word_1_183' title='bbox 698 2457 800 2531; x_wconf 74' lang='grc' dir='ltr'>αἱρεταί</span> <span class='ocrx_word' id='word_1_184' title='bbox 804 2504 811 2531; x_wconf 91' lang='grc'><strong>,</strong></span> <span class='ocrx_word' id='word_1_185' title='bbox 830 2459 881 2525; x_wconf 79' lang='grc' dir='ltr'>τὰς</span> <span class='ocrx_word' id='word_1_186' title='bbox 899 2459 988 2532; x_wconf 71' lang='grc' dir='ltr'><strong><em>χρεών</em></strong></span> <span class='ocrx_word' id='word_1_187' title='bbox 1006 2457 1029 2516; x_wconf 90' lang='grc' dir='ltr'>σ’</span> <span class='ocrx_word' id='word_1_188' title='bbox 1047 2457 1160 2529; x_wconf 69' lang='lat' dir='ltr'>daneta,</span> <span class='ocrx_word' id='word_1_189' title='bbox 1179 2461 1288 2530; x_wconf 79' lang='grc' dir='ltr'><strong><em>τέκνον,</em></strong></span> 
     </span>
     <span class='ocr_line' id='line_1_18' title="bbox 502 2545 1194 2620; baseline 0 -18"><span class='ocrx_word' id='word_1_190' title='bbox 502 2545 591 2612; x_wconf 75' lang='grc' dir='ltr'><strong><em>θεούς</em></strong></span> <span class='ocrx_word' id='word_1_191' title='bbox 609 2568 638 2604; x_wconf 84' lang='grc' dir='ltr'>τε</span> <span class='ocrx_word' id='word_1_192' title='bbox 657 2551 757 2620; x_wconf 76' lang='grc' dir='ltr'><strong><em>τιμᾶν,</em></strong></span> <span class='ocrx_word' id='word_1_193' title='bbox 777 2546 842 2611; x_wconf 77' lang='grc' dir='ltr'><strong><em>τούς</em></strong></span> <span class='ocrx_word' id='word_1_194' title='bbox 860 2566 889 2602; x_wconf 79' lang='grc' dir='ltr'>τε</span> <span class='ocrx_word' id='word_1_195' title='bbox 908 2546 1075 2616; x_wconf 77' lang='grc' dir='ltr'><strong><em>θρέψαντας</em></strong></span> <span class='ocrx_word' id='word_1_196' title='bbox 1092 2554 1194 2616; x_wconf 71' lang='grc' dir='ltr'><strong><em>γονεῖς,</em></strong></span> 
     </span>
     <span class='ocr_line' id='line_1_19' title="bbox 502 2629 1212 2705; baseline -0.004 -16"><span class='ocrx_word' id='word_1_197' title='bbox 502 2630 605 2705; x_wconf 81' lang='grc' dir='ltr'>νόμους</span> <span class='ocrx_word' id='word_1_198' title='bbox 623 2654 652 2688; x_wconf 83' lang='grc' dir='ltr'>τε</span> <span class='ocrx_word' id='word_1_199' title='bbox 671 2630 785 2696; x_wconf 77' lang='grc' dir='ltr'>κοινούς</span> <span class='ocrx_word' id='word_1_200' title='bbox 800 2629 943 2695; x_wconf 67' lang='grc' dir='ltr'>Ἑλλάδος·</span> <span class='ocrx_word' id='word_1_201' title='bbox 962 2631 1118 2686; x_wconf 76' lang='grc' dir='ltr'><strong><em>καὶταῦτα</em></strong></span> <span class='ocrx_word' id='word_1_202' title='bbox 1137 2634 1212 2700; x_wconf 74' lang='grc' dir='ltr'>δρῶν</span> 
     </span>
    </p>
   </div>
   <div class='ocr_carea' id='block_1_2' title="bbox 299 2710 1138 2958">
    <p class='ocr_par' dir='ltr' id='par_1_3' title="bbox 299 2710 1138 2958">
     <span class='ocr_line' id='line_1_20' title="bbox 500 2710 1117 2788; baseline -0.002 -16"><span class='ocrx_word' id='word_1_203' title='bbox 500 2715 650 2773; x_wconf 74' lang='grc' dir='ltr'><strong><em>κάλλιστον</em></strong></span> <span class='ocrx_word' id='word_1_204' title='bbox 668 2717 740 2786; x_wconf 71' lang='grc' dir='ltr'><strong><em>ἕξεις</em></strong></span> <span class='ocrx_word' id='word_1_205' title='bbox 758 2716 899 2788; x_wconf 78' lang='grc' dir='ltr'><strong><em>στέφανον</em></strong></span> <span class='ocrx_word' id='word_1_206' title='bbox 917 2713 1045 2780; x_wconf 68' lang='grc' dir='ltr'>εὐκλείας</span> <span class='ocrx_word' id='word_1_207' title='bbox 1062 2710 1117 2771; x_wconf 71' lang='grc' dir='ltr'>ἀεί.</span> 
     </span>
     <span class='ocr_line' id='line_1_21' title="bbox 299 2806 1132 2874; baseline 0.001 -19"><span class='ocrx_word' id='word_1_208' title='bbox 299 2810 357 2856; x_wconf 91' lang='lat' dir='ltr'>tum</span> <span class='ocrx_word' id='word_1_209' title='bbox 376 2806 409 2856; x_wconf 91' lang='lat' dir='ltr'>de</span> <span class='ocrx_word' id='word_1_210' title='bbox 429 2808 516 2858; x_wconf 81' lang='lat' dir='ltr'>tribus</span> <span class='ocrx_word' id='word_1_211' title='bbox 535 2808 615 2858; x_wconf 82' lang='lat' dir='ltr'>melia</span> <span class='ocrx_word' id='word_1_212' title='bbox 633 2808 792 2874; x_wconf 86' lang='lat' dir='ltr'>loquuntur,</span> <span class='ocrx_word' id='word_1_213' title='bbox 812 2814 843 2858; x_wconf 84' lang='lat' dir='ltr'>ut</span> <span class='ocrx_word' id='word_1_214' title='bbox 860 2808 906 2857; x_wconf 85' lang='lat' dir='ltr'>hie</span> <span class='ocrx_word' id='word_1_215' title='bbox 924 2822 1019 2857; x_wconf 80' lang='lat' dir='ltr'>remus</span> <span class='ocrx_word' id='word_1_216' title='bbox 1037 2806 1132 2856; x_wconf 88' lang='lat' dir='ltr'>habet:</span> 
     </span>
     <span class='ocr_line' id='line_1_22' title="bbox 503 2884 1138 2958; baseline 0.002 -15"><span class='ocrx_word' id='word_1_217' title='bbox 503 2891 565 2958; x_wconf 78' lang='grc' dir='ltr'>Πῦρ</span> <span class='ocrx_word' id='word_1_218' title='bbox 583 2889 632 2944; x_wconf 80' lang='grc' dir='ltr'>καὶ</span> <span class='ocrx_word' id='word_1_219' title='bbox 650 2885 782 2944; x_wconf 77' lang='grc' dir='ltr'><em>θάλασσα</em></span> <span class='ocrx_word' id='word_1_220' title='bbox 799 2890 848 2944; x_wconf 80' lang='lat' dir='ltr'>aod</span> <span class='ocrx_word' id='word_1_221' title='bbox 867 2885 953 2958; x_wconf 75' lang='grc' dir='ltr'><strong><em>γυνή,</em></strong></span> <span class='ocrx_word' id='word_1_222' title='bbox 972 2884 1046 2942; x_wconf 78' lang='lat' dir='ltr'>auaui</span> <span class='ocrx_word' id='word_1_223' title='bbox 1065 2891 1138 2957; x_wconf 76' lang='grc' dir='ltr'><strong><em>τρία.</em></strong></span> 
     </span>
    </p>
   </div>
   <div class='ocr_carea' id='block_1_3' title="bbox 0 0 1696 5370">
    <p class='ocr_par' dir='ltr' id='par_1_4' title="bbox 0 0 1696 5370">
     <span class='ocr_line' id='line_1_23' title="bbox 0 0 1696 5370; baseline 0 2"><span class='ocrx_word' id='word_1_224' title='bbox 0 0 1696 5370; x_wconf 95' lang='lat' dir='ltr'> </span> 
     </span>
    </p>
   </div>
  </div>
 </body>
</html>
