3382 5370
365 1086 558 1163 ORATIO
587 1089 656 1162 AD
685 1087 951 1166 CHRISTVM
980 1089 1092 1166 OPT.
1120 1089 1242 1164 MAX.

307 1226 392 1287 l’llll
430 1226 553 1287 tvllo
590 1227 793 1289 suevum)
830 1227 995 1288 LlGVllE
1032 1228 1158 1289 PONT.
1196 1227 1295 1289 Man.

262 1344 285 1394 Α
315 1345 468 1408 (pt-'onam
496 1347 592 1397 BENE
621 1346 746 1396 DOCTO
776 1348 823 1397 ΕΤ
859 1346 1077 1398 ClllllS'l'lANO
1107 1346 1340 1398 Pussscuu‘un.

246 1517 355 1575 [lorraine
379 1520 437 1576 lesu
459 1520 577 1581 Cbriste.
613 1520 658 1595 qni
686 1538 747 1577 rere
774 1539 892 1578 summus
917 1540 946 1577 cs
967 1522 1088 1596 pontifex
1122 1530 1149 1578 et
1171 1521 1278 1578 unicum
1304 1538 1335 1576 ac
1357 1524 1500 1576 unumst.

140 1602 282 1661 aecclesiae
309 1613 361 1660 tum
383 1614 478 1679 caput,
507 1623 586 1678 quam
608 1606 711 1680 primus
731 1607 789 1680 ipse
811 1617 982 1663 sacrosancta
999 1615 1087 1665 morte
1111 1616 1155 1663 tua
1178 1608 1230 1662 ileo
1254 1605 1324 1681 patri
1348 1623 1442 1661 recen·

160 1688 271 1750 cibasti,
299 1690 485 1764 apestolorum
505 1692 636 1764 sanguine
654 1690 787 1752 dilatasti.
811 1701 959 1767 martyrum
981 1692 1121 1768 suppliciis
1142 1690 1336 1751 constabilisti.
1360 1691 1441 1764 virgi·

161 1792 224 1830 num
243 1775 376 1849 puritate,
402 1775 589 1832 ennlessarum
608 1777 709 1849 pictate
732 1779 834 1833 ernasti
857 1777 1084 1852 locupletastique
1108 1776 1179 1848 (nam
1201 1775 1354 1833 lmiusmocli
1372 1793 1442 1849 pree·

161 1860 237 1915 sirliis
256 1877 368 1932 reguum
388 1870 476 1923 tuunr,
496 1861 591 1935 utique
613 1861 747 1936 spiritale,
768 1862 900 1934 constat).
927 1863 960 1919 aa
986 1880 1139 1936 quaesumus
1162 1861 1229 1917 lulio
1249 1861 1383 1922 secunde,
1411 1868 1442 1916 ut

162 1945 233 2019 quml
253 1947 359 2002 assidue
382 1947 481 2020 gautlet
504 1947 612 2007 amlire,
644 1947 668 2002 iu
695 1964 723 2002 rc
747 1966 855 2021 qrruqne
882 1948 938 2021 ipsa
958 1948 1065 2003 stuilnat
1087 1965 1162 2009 esse.
1191 1948 1243 2002 bae
1264 1953 1307 2001 est
1327 1946 1439 2001 sanetis·

130 2031 259 2093 msbnns,
283 2049 337 2087 uun
359 2031 605 2106 inquinatissimam
634 2041 725 2105 pater,
754 2050 807 2088 nen
836 2041 981 2107 tyrannus:
1014 2050 1124 2095 ser-ms,
1146 2049 1199 2088 nan
1224 2032 1357 2087 deminus.
1400 2031 1499 2088 ausc.

161 2116 206 2188 qui
229 2115 303 2171 sulus
324 2135 353 2172 es
378 2117 495 2173 mcclieus
521 2116 679 2173 innnmtalis
701 2128 728 2172 et
745 2118 850 2180 ellicus.
878 2135 963 2191 prrrga
983 2117 1123 2173 cerebrum
1148 2116 1219 2172 illius
1240 2125 1268 2171 et
1290 2115 1370 2171 animi
1394 2116 1441 2173 (lo-

161 2200 302 2262 micilimn,
328 2203 352 2256 in
372 2221 426 2275 que
445 2210 492 2258 tue
510 2204 613 2258 numini
635 2202 724 2257 seclcm
744 2219 803 2258 esse
821 2203 980 2277 opertebat.
1003 2203 1075 2258 amni
1094 2203 1194 2265 mania;
1214 2219 1300 2276 purga
1318 2216 1366 2256 cur
1383 2201 1442 2257 eius

161 2286 286 2342 urrinibns
311 2287 478 2362 intemperiis
507 2296 535 2343 et
557 2286 729 2343 illusionibus
754 2289 921 2361 spurcissimi
944 2288 1089 2349 eleemonis,
1123 2287 1170 2361 qui
1195 2285 1269 2343 anille
1294 2285 1365 2342 (lulis
1386 2303 1441 2343 non

160 2372 258 2427 alesinit
282 2372 391 2429 insilias
414 2380 519 2429 struere
539 2382 585 2428 tun
604 2372 696 2446 gregi,
722 2381 752 2428 ut
775 2382 822 2429 tua
844 2374 894 2429 iam
917 2373 1014 2447 spiritu
1036 2374 1133 2429 eluctus
1154 2379 1236 2446 alque
1256 2371 1389 2427 animatus
1409 2388 1440 2427 ea

129 2458 261 2531 assumat.
283 2475 312 2512 ea
331 2457 442 2531 diligat,
466 2458 655 2519 cantabatur,
680 2476 709 2513 ea
732 2467 864 2520 sectetur.
888 2476 941 2515 nou
962 2477 1022 2533 quie
1044 2465 1108 2514 sunt
1128 2457 1208 2513 buius
1226 2456 1332 2519 anunrli.
1353 2456 1379 2512 ia
1398 2464 1439 2512 est

160 2543 280 2603 satane,
316 2542 362 2598 sed
387 2561 447 2615 qnae
469 2543 527 2605 net,
560 2544 637 2599 euius
662 2543 776 2599 vicarius
799 2543 928 2618 appellari
952 2561 1006 2600 nnn
1034 2552 1170 2617 gravatur.
1216 2542 1255 2597 Tu
1284 2542 1329 2615 qni
1357 2550 1498 2601 navasse.

160 2645 266 2683 amnem
294 2638 457 2689 creaturam.
491 2627 581 2686 insere
600 2627 639 2683 illi
664 2637 779 2685 mentem
802 2629 934 2692 sobriam,
957 2637 988 2684 ul
1012 2626 1130 2703 crapulae
1151 2627 1291 2684 nirluribus
1309 2644 1338 2682 ac
1357 2626 1441 2682 nebu·

160 2713 192 2767 lis
213 2712 296 2767 libera
319 2713 470 2769 meminisse
491 2714 578 2788 pessit
602 2731 681 2788 qrrem
704 2716 842 2789 occuparit
870 2715 971 2775 lecum.
1000 2717 1078 2770 cuias
1103 2713 1186 2769 vicem
1214 2728 1309 2785 perere
1336 2711 1440 2771 clebeat.

160 2798 286 2853 nimirum
308 2808 393 2861 tuam.
426 2799 470 2871 qni
491 2799 639 2873 repudiatis
662 2799 787 2856 munibus
807 2800 886 2856 buius
909 2800 999 2856 mumli
1023 2800 1101 2856 benis
1123 2797 1247 2854 ‹lilectam
1275 2797 1355 2853 etium
1384 2797 1440 2852 aui·

126 2900 229 2939 terrram
251 2891 323 2939 tuam
342 2892 439 2959 sponte
461 2901 511 2959 pra
535 2883 628 2940 ovibus
649 2886 703 2942 tuis
726 2886 895 2959 impendisti,
925 2885 1054 2959 quereri
1078 2883 1197 2958 pastoris
1228 2882 1317 2938 ollula
1344 2882 1440 2954 lunge·

159 2969 228 3023 reris
251 2968 417 3044 reliquisque
440 2971 484 3042 qui
501 2970 619 3044 pasturis
638 2987 736 3026 nornen
751 2979 778 3025 et
794 2971 876 3027 vicem
891 2978 1077 3045 capesserent,
1096 2966 1247 3043 eneniplum
1263 2967 1438 3040 relinqueres.

160 3054 214 3114 lac,
236 3061 266 3108 nt
289 3055 402 3129 pestbae
423 3054 506 3110 lulius
527 3055 651 3110 nonnisi
676 3057 713 3110 tui
737 3056 850 3128 spiritns
874 3066 963 3112 ritirste
984 3054 1135 3130 repleatur,
1157 3061 1187 3108 ut
1208 3053 1243 3110 sit
1262 3052 1352 3108 sobria
1375 3069 1440 3125 qua·

158 3139 218 3193 ilum
241 3148 267 3193 ct
291 3148 380 3196 saneta
403 3139 534 3196 ebrictate
554 3138 731 3202 tenmlentns.
756 3149 785 3195 nt
808 3140 874 3196 nibil
896 3142 948 3196 iam
972 3158 1034 3196 eum
1059 3140 1158 3214 pmleat
1180 3139 1232 3194 nisi
1254 3137 1438 3212 turpitudinis.

160 3223 225 3278 nibil
247 3224 357 3281 baereat
378 3224 430 3280 nisi
455 3243 514 3300 qum
537 3232 565 3279 tu
589 3225 683 3286 adisti,
713 3224 778 3281 nibil
803 3234 874 3281 amm
895 3226 947 3280 nisi
971 3224 1106 3285 calestia,
1133 3223 1199 3279 nihil
1222 3224 1308 3297 sapiat
1328 3223 1380 3277 nisi
1403 3231 1437 3284 te,

126 3308 187 3364 nain
211 3326 265 3381 qne
285 3327 339 3365 uno
359 3309 428 3365 bena
450 3319 514 3366 suut
535 3311 632 3365 errantia.
677 3310 697 3365 0
717 3311 925 3366 transformatur
947 3311 1131 3384 amnipotens.
1155 3309 1200 3382 qui
1218 3307 1293 3364 salus
1310 3308 1437 3363 immensa
1453 3313 1497 3364 §.t

160 3401 205 3447 tna
227 3397 348 3466 petentia
371 3394 442 3450 mles
463 3395 502 3451 vel
524 3412 555 3450 en
578 3394 674 3450 Satana
696 3394 820 3468 angelum
849 3394 916 3452 lueis
939 3396 1039 3456 lacere,
1067 3393 1180 3468 prulliga
1209 3392 1311 3448 ululie
1334 3393 1439 3448 univer·

159 3495 214 3532 sam
233 3479 359 3536 vitiorum
381 3479 539 3543 colluviem,
568 3497 601 3534 nc
621 3496 747 3555 sponsam
771 3488 857 3541 tuam.
881 3498 960 3555 quam
977 3487 1008 3534 ut
1023 3477 1217 3534 immaculatam
1233 3476 1359 3537 baberes.
1380 3494 1439 3533 san·

159 3564 241 3634 garine
268 3574 315 3620 tare
343 3564 444 3626 lavisti.
477 3564 752 3621 contaminatissimas
780 3565 927 3639 gubernet:
961 3582 994 3620 ne
1024 3564 1046 3619 is
1073 3564 1118 3637 qui
1149 3562 1273 3618 omnibus
1306 3561 1438 3617 scelerum

160 3648 277 3705 oninium
297 3651 397 3706 reniam
421 3649 566 3724 pollicetur
587 3668 616 3706 ac
642 3650 744 3712 vendit.
775 3651 832 3724 ipsc
855 3651 890 3706 sit
912 3649 1059 3706 sceleribus
1083 3647 1207 3704 munibus
1232 3647 1378 3704 obnoxius:
1406 3664 1439 3703 ne

125 3734 206 3806 :aequi
227 3742 308 3808 caput
329 3734 449 3791 ecclcsiae
472 3736 559 3791 vacari
583 3736 688 3797 studet,
712 3734 859 3792 membrum
882 3736 918 3792 sit
939 3733 1054 3797 diaboli:
1077 3752 1110 3791 ne
1134 3734 1180 3808 qni
1201 3733 1288 3790 claves
1310 3740 1439 3794 ostentat,

160 3818 257 3891 quibas
281 3837 394 3891 regnum
421 3820 550 3877 caelorum
578 3819 638 3876 aliis
660 3821 810 3894 aperiatur,
839 3823 896 3895 ipse
919 3820 955 3876 sit
977 3839 991 3876 a
1015 3829 1062 3876 tue
1089 3836 1175 3892 regne
1201 3818 1280 3892 lunge
1303 3816 1439 3878 seclusus:

160 3920 192 3958 ne
212 3904 257 3976 qui
277 3903 345 3960 alies
369 3923 383 3960 a
403 3907 591 3963 communione
617 3914 771 3962 smctmum
794 3905 924 3967 excludit,
958 3906 1016 3980 ipse
1044 3903 1110 3960 nibil
1140 3903 1236 3961 babeat
1256 3921 1317 3959 eum
1338 3904 1439 3959 sanctis

158 4007 314 4052 cannnune;
334 4007 367 4045 ne
389 3991 411 4047 is
429 4009 479 4066 per
498 4009 577 4064 quem
596 4008 646 4047 ceu
661 3990 779 4047 canalem
799 3991 888 4047 onmia
909 3999 1073 4047 sacramenta
1095 3990 1126 4047 acl
1143 4008 1193 4046 nus
1213 3988 1328 4045 derivari
1346 3987 1439 4043 ‹licun-

161 4083 216 4136 tnr,
243 4075 300 4149 ipse
323 4074 389 4130 nibil
412 4076 509 4132 babeat
530 4075 614 4137 sacrm
647 4093 680 4132 nc
706 4077 751 4149 qni
773 4094 871 4133 censor
893 4077 1013 4133 uranium
1033 4093 1093 4131 esse
1115 4075 1207 4137 (lebet,
1238 4073 1276 4130 sic
1298 4074 1379 4133 vivat,
1408 4082 1438 4129 ut

126 4177 150 4214 aa
161 4158 193 4213 ab
216 4159 340 4215 caninibus
363 4162 460 4217 merite
483 4161 644 4235 reprebendi
666 4161 767 4234 {iussim
803 4179 835 4217 ne
863 4162 909 4235 qui
936 4161 1004 4217 alies
1035 4161 1125 4217 iulami
1155 4161 1259 4235 pictura
1290 4158 1437 4220 ulciscitur,

160 4246 216 4317 ipse
240 4245 354 4318 plurima
377 4246 522 4302 bellissima
541 4245 574 4301 dc
600 4263 629 4300 se
649 4245 769 4320 praebeat
791 4256 963 4320 argumenta,
986 4246 1085 4319 siquis
1104 4246 1208 4321 pictura
1226 4245 1358 4318 picturam
1375 4243 1439 4300 velit

160 4329 298 4399 retaliare:
330 4348 363 4386 ne
386 4333 430 4405 qm
454 4332 502 4387 tibi
523 4331 660 4405 proximus
681 4339 723 4387 est
752 4332 854 4388 lmnere
882 4331 949 4394 leci.
982 4330 1141 4404 longissime
1161 4329 1232 4386 absit
1254 4329 1301 4385 abs
1327 4338 1353 4385 te
1375 4329 1435 4386 vitae

158 4414 384 4470 ‹lissimilitmline
427 4415 588 4484 Quianam
612 4416 659 4471 tibi
682 4433 824 4473 commune
850 4434 911 4473 cum
932 4416 1032 4473 uetiam
1066 4417 1128 4490 quid
1158 4415 1220 4471 buic
1249 4416 1347 4471 munile
1377 4427 1497 4478 cumba.

226 4599 431 4663 “spiritualem
484 4598 758 4665 18διιῑΙιιιιιΛλιιὸὶιΙ.
805 4598 880 4666 ²⁹iu]
899 4600 981 4650 trina.
1033 4598 1055 4631 ²²
1074 4599 1117 4649 cf.
1131 4599 1192 4649 atet.
1206 4599 1256 4665 Ap.
1270 4599 1305 4648 ll.
1321 4597 1360 4647 ltl.
1374 4614 1432 4664 sqq.

158 4682 180 4713 ³⁵
193 4685 236 4733 Cf.
250 4684 366 4733 llntteni
386 4683 471 4749 epigr.
488 4682 518 4730 Ia
536 4684 659 4747 piclmrun
671 4685 702 4734 de
717 4685 827 4734 Ccesurc.
863 4683 886 4716 ’ὅ
899 4682 940 4734 cl.
954 4684 1034 4734 Pauli
1047 4700 1089 4750 ep.
1102 4683 1139 4734 11.
1154 4684 1189 4734 ad
1202 4682 1324 4735 Corinth.
1337 4684 1384 4736 VI.
1392 4683 1433 4737 15.
