3382 5370
628 1266 864 1343 MONITOR
904 1266 1174 1345 SECVNDVS

675 1422 858 1483 orariocvs
880 1422 1120 1485 rrvmunrcvs.

527 1641 777 1721 Interloquutores
798 1651 965 1703 MONITOR
987 1650 1016 1703 et
1036 1650 1266 1702 FRANCISCVS.

205 1820 239 1869 tt
322 1830 471 1873 nourron.
509 1811 609 1891 Nuper
631 1812 707 1872 idern
730 1812 886 1881 faciebam,
910 1813 960 1872 sed
983 1815 1071 1872 animi
1095 1830 1211 1877 cauisse.
1237 1830 1315 1873 niinc
1337 1814 1364 1872 in
1389 1831 1421 1872 re
1437 1830 1538 1873 neces-

258 1913 332 1971 saria
361 1919 395 1972 ut
422 1915 697 1981 eom-ouercam.
732 1916 863 1974 accessi:
900 1933 997 1994 neque
1025 1916 1102 1974 enim
1133 1914 1170 1974 ab
1199 1915 1267 1974 inita
1295 1917 1423 1995 primum
1454 1914 1561 1978 nobiss

257 2014 381 2075 amicitia
404 2033 507 2093 passus
528 2033 606 2084 scrin,
630 2019 821 2095 quantumin
845 2036 891 2077 rne
915 2019 980 2085 luit,
1005 2018 1246 2077 existimationem
1269 2015 1404 2075 laliorare
1427 2025 1515 2075 triani.

319 2137 519 2180 rsuncrscvs.
558 2118 651 2191 Quid?
679 2117 723 2179 illa
754 2121 829 2179 enirn
859 2117 992 2179 laborati
1019 2126 1069 2179 aut
1096 2118 1164 2197 quid
1189 2125 1247 2177 tarn
1271 2120 1435 2178 necessario
1458 2137 1538 2177 corrr-

257 2219 406 2278 movebis?

319 2341 469 2382 nourron.
507 2321 591 2381 Certe
622 2322 754 2399 prolecto
782 2322 910 2389 laborat.
946 2330 1032 2402 atque
1061 2323 1148 2400 igitur
1176 2323 1396 2400 permonitnrus
1423 2322 1537 2398 adsum,

255 2420 332 2482 hanc
356 2441 393 2481 ne
420 2430 452 2484 tu
479 2421 625 2501 negligas:
658 2425 714 2483 iam
743 2423 853 2503 aliquot
883 2442 997 2485 menses
1024 2427 1100 2484 enim
1128 2432 1195 2484 sarnt
1224 2424 1300 2502 qnod
1331 2425 1438 2503 passim
1461 2422 1573 2487 maleto

255 2523 347 2584 audis.

317 2645 515 2687 rssncrscvs.
553 2626 615 2705 Ego
637 2625 712 2687 male
733 2647 818 2696 vcro,
842 2628 888 2688 dic
910 2628 960 2688 ulii
983 2635 1095 2696 autem,
1121 2635 1150 2688 et
1172 2646 1259 2708 qnam
1282 2627 1320 2687 cb
1343 2628 1494 2688 caussam?

202 2727 361 2805 §.cmm
388 2724 396 2792 l
459 2749 608 2790 uonrron.
646 2729 677 2789 ln
711 2731 765 2790 isto
801 2730 926 2790 maximo
959 2729 1095 2797 concilio,
1131 2729 1169 2790 oli
1197 2730 1344 2790 haereseos
1371 2749 1536 2791 rurnorein:

254 2831 335 2890 aiunt
356 2832 433 2891 enim
449 2830 569 2891 Lutlreri
591 2832 717 2910 partium
740 2849 803 2890 esse
826 2838 863 2896 te.
887 2837 914 2891 et
937 2833 1022 2891 isturn
1046 2833 1144 2892 lovere
1160 2832 1238 2892 ‹lorni
1254 2833 1422 2900 lluttenunr‚
1446 2834 1556 2900 irrasi«

254 2928 402 3016 lii-'‘slt't*
425 2937 433 3008 Ι
456 2951 569 2993 morum
598 2932 753 3013 aliquando
782 2931 925 2993 malorum
954 2951 1085 2994 caussam
1110 2935 1249 2994 lutrarum.
1294 2935 1452 3013 quinetiam
1482 2935 1572 3002 imis

254 3040 352 3111 petum
375 3035 455 3093 aiunt
477 3035 599 3112 cepisse
621 3042 650 3096 te
672 3035 794 3112 cogendi
816 3035 844 3094 iu
875 3035 1007 3096 ordinem
1035 3036 1201 3096 sacerdotes
1231 3043 1260 3095 et
1289 3037 1455 3114 episcopos.
1485 3055 1536 3096 ne·

253 3154 311 3214 que
333 3137 428 3196 treceni
443 3135 549 3196 Leonis
571 3143 673 3198 contra
696 3137 821 3203 bullam.
845 3144 874 3197 et
895 3145 938 3196 tot
960 3139 1092 3215 priorum
1107 3137 1279 3197 Pontificum
1296 3139 1474 3205 sanctiones,
1499 3157 1536 3198 ne

253 3238 300 3298 cui
322 3236 409 3298 liceat
430 3237 591 3300 reclamare
612 3239 810 3300 Romanorum
835 3241 1040 3318 cpiscoporum
1063 3239 1189 3318 placitis,
1213 3247 1472 3318 qrnntumcnnque
1495 3241 1535 3300 vi·

253 3340 377 3401 deantur
399 3339 496 3418 iniqua
519 3342 614 3400 etiarn.

197 3449 241 3500 §.a
313 3461 512 3506 rnancrscvs.
549 3443 651 3523 Neque
672 3451 768 3504 umen
791 3444 888 3510 video,
913 3444 1072 3504 istiusmodi
1087 3444 1216 3504 omnium
1233 3446 1366 3505 conscius
1381 3446 1460 3514 milri,
1477 3464 1569 3513 curm

250 3543 430 3621 mmm·
452 3547 460 3615 Ι
482 3544 604 3605 debeam
627 3546 739 3606 traduci
762 3544 864 3622 varlgo3
894 3553 981 3626 atque
1004 3549 1040 3606 ita
1064 3564 1169 3606 censeo
1193 3553 1293 3605 contra
1317 3546 1464 3606 sordidam
1487 3566 1533 3607 sa·

251 3647 401 3707 cerdoturn
425 3646 648 3707 dominationem
672 3648 781 3725 optimo
804 3649 909 3727 cuique
931 3655 1048 3709 strenue
1071 3647 1279 3709 obluctandum
1302 3666 1366 3707 esse
1389 3648 1444 3708 lroc
1459 3657 1533 3708 teru-

250 3764 349 3801 muou.
371 3766 378 3837 q
402 3766 474 3826 pore
488 3750 614 3828 totisque
629 3752 697 3828 iugo
714 3751 758 3810 isti
781 3749 891 3810 virilius
913 3751 1142 3829 pertinacissime
1165 3750 1368 3810 resistendum.
1404 3751 1532 3811 luthero

250 3857 347 3911 antem
370 3852 468 3911 lasere
495 3869 560 3929 quae
583 3849 667 3929 culpa
691 3858 749 3921 est,
778 3852 959 3927 evangelium
988 3852 1155 3930 praedicanti
1186 3859 1214 3910 et
1241 3872 1256 3911 a
1281 3850 1534 3928 periculosissimis

250 3967 348 4007 sumans.
372 3956 379 4027 Ι
403 3952 554 4012 erroribus
576 3953 726 4012 lrominunr
750 3955 941 4013 conscientias
963 3953 1139 4013 vindicanti?
1162 3972 1229 4013 iram
1245 3953 1403 4015 lluttenunr
1427 3973 1480 4032 prro
1496 3956 1531 4014 iis
1541 3984 1567 4021 -,ι·,

249 4074 314 4134 quae
329 4055 458 4132 scripsit,
482 4055 612 4114 noudum
634 4053 720 4114 audio
742 4073 837 4133 nequc
860 4063 1026 4116 accusatum
1050 4073 1227 4134 aquoquam
1245 4073 1339 4133 neque
1355 4056 1528 4116 condenuia·

249 4165 320 4217 tum.
364 4157 467 4236 quodsi
488 4155 618 4216 Lutlrero
646 4173 776 4216 caussam
805 4157 902 4218 dicere
930 4159 1099 4236 permittant
1127 4158 1188 4222 isti,
1219 4157 1281 4216 lore
1304 4163 1388 4234 putas
1411 4165 1442 4216 ut
1465 4157 1530 4217 ullis

250 4256 363 4337 legibus
385 4258 518 4318 damnari
539 4258 648 4336 possit?

194 4358 357 4418 §.t-mm
383 4377 390 4448 q
454 4380 603 4421 uonrron.
640 4359 689 4420 lsli
713 4361 828 4439 quidem
852 4379 938 4440 posse
961 4369 1077 4440 putemt.
1107 4378 1212 4438 nempe
1235 4361 1326 4420 sacris
1354 4361 1523 4436 prosiliticuur

249 4401 361 4436 nautum

244 4461 451 4523 sanctionibus.
1535 4490 1562 4529 aa

248 4598 445 4607 ———-

311 4664 321 4698 ⁴
340 4682 439 4718 coiisse
458 4683 529 4718 ntanc
549 4672 573 4718 1.
624 4666 635 4698 ⁹
654 4666 689 4716 ad
707 4667 850 4716 enmtlianc
871 4671 893 4716 t.
