3382 5370
265 339 338 411 ‘wll
703 373 817 408 ntnuout
837 374 1104 409 I'Slil'DOllVTTElllCl.

209 551 254 600 ps,
329 529 454 585 llenno.
493 531 599 587 Veniam
623 548 734 604 precor,
767 532 875 588 dillicile
903 550 999 588 norrren
1028 541 1078 588 est.
1121 533 1172 587 Sed
1203 550 1252 606 pro
1276 532 1391 607 lnpiter,
1425 533 1546 610 ol’oly·

265 632 409 689 prugatam
437 617 574 689 estquod
598 616 645 672 lilri
668 616 758 677 velini,
788 617 814 672 in
845 635 899 691 ιμιυ
923 617 986 673 milri
1012 626 1057 673 tuo
1080 617 1282 674 consultissimo
1304 617 1418 674 consilio
1448 619 1546 675 suisve·

262 699 320 755 nias
343 700 474 756 obtestor.

326 785 593 859 l'olypragmon.
631 786 657 841 Si
681 785 757 860 qnid,
782 786 889 849 llrrnm.
913 789 938 843 in
962 805 1003 843 mc
1025 787 1130 843 consilii
1154 795 1196 844 est
1218 797 1265 845 aut
1288 787 1392 851 ausilii,
1417 807 1471 863 quo
1495 788 1544 844 tilii

263 869 405 927 subvenire
428 888 538 944 queam,
561 871 688 928 audacter
710 871 809 927 utitor:
833 873 896 945 quid
919 873 1025 928 idest?
1054 871 1191 947 eloquere.
1554 891 1567 929 a

327 955 452 1012 llenno.
490 956 588 1030 Cupio,
611 956 743 1030 siqnidem
765 956 841 1031 prius
863 958 913 1013 lios
936 958 1009 1014 abire
1033 957 1154 1014 iusseris.

327 1039 587 1115 Polypragrnon.
625 1041 746 1098 Seceditc
769 1059 831 1104 ros.
852 1041 938 1099 abite:
961 1042 1098 1118 eloquere.

209 1132 255 1182 lh·
330 1126 457 1182 llenno.
495 1126 540 1182 Vin
563 1126 656 1183 ausint.

325 1210 592 1285 l‘olypragrnon.
628 1211 666 1267 Ne
682 1211 778 1273 retice,
801 1228 867 1268 neve
883 1230 991 1276 rererc;
1014 1212 1156 1288 eloquere,
1181 1213 1302 1288 inquam,
1326 1214 1391 1270 nilril
1409 1214 1452 1269 hic
1469 1216 1543 1289 peri·

262 1295 315 1353 culi
337 1304 393 1351 est:
413 1296 517 1352 mederi
541 1296 644 1353 vulneri
667 1296 689 1351 si
713 1296 800 1359 voles,
824 1298 934 1371 detegas
957 1306 1075 1372 oportet.
1555 1312 1579 1350 ιιι

326 1380 449 1438 llenno.
487 1381 623 1456 Siquidem
647 1380 723 1437 fidem
745 1382 851 1438 dederis
874 1383 1017 1439 taciturum
1040 1391 1066 1439 te
1089 1383 1185 1439 onnria.

324 1465 590 1541 l‘olypragnron.
627 1467 735 1522 Adeone
763 1466 814 1523 levi
843 1485 899 1524 rneu
929 1468 998 1543 apml
1028 1477 1053 1525 te
1083 1469 1147 1526 snles
1176 1477 1313 1524 rnotncnto
1344 1470 1456 1543 pendet,
1498 1470 1544 1543 qui

262 1552 342 1608 etiarn
366 1551 413 1607 tibi
436 1569 493 1608 inea
516 1552 640 1608 credam?

327 1636 450 1692 llenno.
487 1637 540 1693 Ora
563 1637 610 1693 tibi
633 1655 794 1711 casernnque
816 1637 904 1694 attuli.

207 1731 253 1782 §.tt
327 1721 590 1796 l'ulypragmon.
629 1723 689 1779 Scio
713 1723 754 1785 id,
778 1725 825 1780 sed
848 1724 899 1780 lroe
921 1741 979 1797 age.
1557 1734 1579 1773 Ιό

326 1805 449 1862 llenno.
486 1807 592 1863 Battum
614 1825 702 1864 mermi
726 1807 832 1864 unicum
855 1808 930 1864 illurn
953 1826 1031 1882 quern
1055 1807 1140 1864 lralreo
1164 1807 1247 1867 lilium
1270 1810 1390 1865 nostin'l

324 1890 591 1966 l‘olypragrnon.
629 1892 696 1960 Quid
725 1894 769 1949 nil
804 1893 878 1950 illurn
906 1893 945 1949 ais
973 1892 1035 1949 latis
1059 1893 1193 1957 liurneris,
1226 1895 1308 1951 caesio
1336 1894 1442 1955 colore.
1477 1911 1544 1949 naso

261 1976 398 2050 aquilino.
420 1975 551 2051 capillitio
574 1978 649 2040 rulo,
674 1997 727 2052 quo
750 1996 804 2034 non
827 1979 896 2034 alter
919 1986 977 2034 toto
1002 1987 1090 2034 restro
1114 1997 1184 2051 pago
1207 1980 1326 2034 lmlritior
1347 1984 1405 2035 esti

326 2061 451 2117 llenao.
489 2061 564 2117 lllurn
587 2063 710 2137 inquam:
734 2063 832 2120 nebulo
856 2064 912 2126 liic,
937 2063 1014 2119 vicini
1037 2064 1124 2119 noslri
1140 2065 1269 2138 cauponis
1285 2066 1364 2138 nigro
1380 2064 1441 2119 vino
1458 2063 1544 2138 prolre

262 2155 358 2222 potus,
381 2164 472 2203 amore
495 2148 574 2204 etiarn
597 2147 725 2204 incitante
748 2148 816 2205 Elsae
839 2148 943 2205 sororis
966 2166 1031 2205 inca
1054 2148 1134 2204 srliarn
1157 2167 1305 2205 conscensa
1336 2152 1454 2205 leicestra
1479 2162 1579 2205 con-:u

262 2232 409 2306 stuprarit:
442 2232 518 2288 cuins
540 2251 601 2289 cum
624 2241 743 2290 ventrem
773 2233 837 2289 vidit
864 2235 1058 2294 intumescere,
1092 2234 1155 2306 luga
1183 2234 1234 2290 sihi
1262 2233 1411 2295 consuluit.
1446 2233 1545 2290 timens

262 2334 331 2391 quos
354 2317 397 2372 hic
419 2315 522 2373 llscales
545 2326 654 2379 voearnt.
678 2318 847 2375 sacerdotum
869 2319 1007 2380 dinlrolos:
1036 2336 1133 2393 rneque
1162 2318 1268 2376 interim
1290 2319 1362 2375 ultimi
1385 2336 1475 2375 senem
1498 2318 1545 2374 de·

263 2418 370 2464 serens,
394 2402 440 2476 qni
462 2420 518 2475 prtc
541 2411 619 2459 aetate
642 2402 749 2459 labores
771 2404 897 2478 deinceps
919 2404 991 2459 serre
1013 2421 1067 2459 non
1091 2403 1178 2466 valeo,
1206 2423 1238 2461 ae
1267 2405 1343 2461 unice
1372 2404 1452 2460 ctiam
1480 2403 1544 2459 alle-

208 2488 332 2544 §.t-cunr
355 2495 475 2543 rnatrenr.
520 2487 547 2543 Si
570 2488 642 2562 quod
665 2505 731 2561 ergo
754 2488 896 2545 consilium
919 2488 1031 2550 lrabeas.
1062 2507 1115 2562 qno
1143 2489 1206 2545 milri
1229 2507 1259 2546 ac
1282 2489 1359 2545 matri
1382 2489 1545 2545 restituatur

261 2571 348 2634 lilius,
372 2571 398 2627 id
421 2571 558 2646 impertias
581 2590 686 2648 precor.
731 2574 827 2629 Pastor
849 2574 905 2647 ipse
928 2581 1022 2629 noster
1043 2574 1181 2630 admonuit
1204 2592 1262 2636 nie.
1286 2572 1474 2631 munusculum
1495 2572 1577 2629 ali-as

261 2657 334 2732 quod
356 2656 438 2713 fiscali
460 2657 607 2720 deferrem,
641 2657 700 2714 lore
724 2659 794 2715 torte
817 2666 881 2714 tunc
902 2666 933 2714 ut
960 2658 1115 2732 mitigetur:
1151 2659 1199 2715 tuli
1229 2660 1279 2715 lros
1308 2677 1374 2733 ergo
1401 2677 1480 2715 sacco
1504 2659 1544 2713 in·

260 2741 352 2799 clusos
374 2759 477 2798 meeum
500 2741 589 2799 altiles
611 2760 727 2816 capones
749 2744 831 2804 duos.
856 2742 954 2817 quilius
976 2743 1042 2798 «lixit
1064 2743 1114 2799 nos
1130 2745 1252 2800 homines
1268 2744 1388 2820 apprime
1403 2742 1542 2800 delectari.

261 2828 349 2900 Atque
371 2827 452 2889 adeo.
484 2844 500 2882 a
527 2826 740 2902 Polypragnmn.
774 2826 846 2884 nulla
878 2827 925 2884 tihi
952 2845 1012 2884 euin
1040 2846 1072 2884 eo
1103 2828 1244 2889 intercedit
1273 2827 1453 2891 iarrriliaritas,
1487 2846 1543 2902 spuo

261 2930 364 2968 rnectnn
387 2930 431 2968 eas
454 2919 534 2986 atque
557 2929 608 2986 pro
631 2930 672 2968 rne
696 2912 734 2967 illi
758 2912 911 2987 supplices?

207 3005 253 3056 l-i.
326 2996 584 3071 Polypragnrnn.
621 2996 698 3052 Nulla
720 3015 848 3071 prorsum
883 2997 977 3054 vellera
1005 2997 1092 3054 libens
1119 2998 1228 3073 alioqui.
1273 2998 1324 3054 Sed
1354 2998 1440 3073 ipsum
1469 2998 1577 3071 quodne
1620 3022 1622 3026 ·

260 3082 361 3143 cotors.
385 3081 432 3137 dlii
455 3081 543 3138 scelus
566 3082 668 3156 grande
690 3081 831 3138 admodum
853 3090 906 3145 est.
932 3082 972 3138 rix
995 3083 1090 3155 uiginti
1114 3083 1188 3140 illurn
1211 3083 1330 3158 placebis
1352 3084 1449 3140 aureis.

323 3166 446 3224 llenno.
483 3167 536 3223 Pro
557 3167 637 3228 detis.
661 3167 754 3240 viginti
777 3168 879 3223 aureis!

323 3251 405 3326 Poly
412 3270 586 3326 pragmon.
625 3251 725 3308 Vereor
746 3269 778 3308 ne
801 3269 854 3309 nou
878 3253 1062 3327 tquatlraginta.

323 3336 450 3394 llenno.
486 3336 600 3399 lineeas,
623 3346 737 3393 mortem
760 3336 823 3393 milri
847 3346 1048 3412 praeoptarem,
1073 3338 1123 3394 iam
1145 3347 1218 3394 certe
1241 3340 1272 3394 ad
1295 3347 1399 3394 rastros
1421 3338 1544 3412 mihiipsi

260 3440 304 3479 res
326 3420 420 3479 rediit:
444 3440 497 3479 non
520 3430 624 3478 tantum
646 3422 776 3479 distracto
799 3431 827 3478 et
848 3440 914 3495 agro
937 3430 964 3477 et
986 3421 1154 3496 supellectile
1179 3432 1234 3479 tota
1257 3432 1284 3479 et
1308 3424 1367 3498 ipso
1383 3423 1464 3480 etiarn
1480 3435 1579 3479 meoaa

262 3507 415 3581 turguriolo
436 3508 578 3565 corradere
601 3525 708 3582 possein
730 3525 862 3581 unquam,
885 3507 927 3564 lrei
951 3508 1006 3563 lreil

206 3597 250 3648 ll.
324 3592 593 3667 l‘olyprugnroa.
630 3592 668 3648 Ne
690 3591 781 3666 plora,
805 3593 891 3649 aderit
913 3593 984 3649 lorte
1005 3592 1161 3649 consilium:
1191 3594 1381 3649 conveniemus
1403 3611 1434 3649 er
1457 3594 1544 3649 curti·

259 3678 332 3734 sanis
354 3678 398 3735 lric
420 3695 501 3734 annm
524 3677 653 3751 aliquem,
684 3695 800 3750 quocum
823 3677 990 3733 lnnriliaritas
1013 3677 1076 3733 milri
1099 3687 1154 3734 est:
1190 3679 1259 3752 qnid
1290 3679 1311 3733 si
1341 3679 1387 3752 qui
1417 3687 1542 3751 possunt.

259 3763 286 3819 lri
310 3771 374 3818 sunt
395 3763 507 3818 rrraxime
530 3781 621 3819 rerum
644 3762 773 3819 malarum
796 3770 823 3820 ct
846 3770 998 3836 patratores
1026 3771 1054 3819 et
1080 3763 1259 3820 consultores.
1304 3765 1354 3819 Sed
1384 3782 1464 3837 qnenr
1492 3781 1544 3838 po-

259 3848 392 3904 tissimum
415 3848 569 3904 conveniam
598 3848 692 3903 habeo.
730 3848 797 3903 lreus
821 3857 863 3910 tn,
887 3848 989 3908 llruno.
1012 3848 1063 3904 lrue
1086 3848 1162 3904 ades!
1552 3861 1581 3903 to

324 3933 418 3988 l’ner.
455 3932 520 3989 ilem
543 3934 635 3989 adsum
659 3931 720 3993 titt.
744 3933 808 4006 qnid
832 3933 869 3986 uis
892 3933 1001 4006 impera.

200 4023 257 4074 §.ta
322 4016 586 4092 Polypragnron.
623 4017 726 4073 Nostin'
745 4016 873 4091 ternplum
896 4016 975 4079 illud,
1000 4017 1026 4073 in
1042 4036 1097 4092 quo
1112 4018 1192 4074 lrodie
1209 4018 1341 4076 allocutus
1357 4036 1448 4075 senem
1464 4017 1542 4074 illurn

259 4103 414 4177 primarium
438 4104 623 4159 Curtisanum‘l

322 4188 418 4243 l‘ner.
455 4187 535 4249 Nori,
569 4187 735 4262 decrepitum
765 4186 839 4243 illurn
869 4196 1100 4263 sceleratorcmque
1133 4209 1161 4246 ac
1189 4189 1365 4262 impostorem
1393 4188 1543 4253 existimas,

326 4369 346 4402 ¹⁷
365 4371 449 4419 costo
468 4373 524 4419 Η.
588 4368 638 4402 ’⁰⁹¹¹
659 4371 848 4434 construpauit
861 4373 888 4420 3.
907 4370 1004 4421 Similia
1021 4375 1096 4421 merita
1116 4377 1141 4422 3.
1165 4373 1190 4421 in
1207 4388 1262 4437 sqq.
1288 4389 1336 4422 noa
1355 4372 1542 4422 adnotabimus.

257 4453 280 4487 ²⁰
291 4456 398 4505 Mireris
411 4454 635 4505 eorrsnetudinem
642 4455 849 4505 Alamannieum
861 4456 909 4505 das
922 4456 1060 4507 Fensteren
1073 4457 1175 4507 dictam
1187 4458 1228 4507 sia
1243 4457 1423 4507 at'oloniensi
1436 4457 1544 4507 rustico

257 4540 387 4590 describi.
438 4538 604 4591 “Fiaealea
622 4540 793 4590 sacerdotnm
812 4539 939 4589 diabolis
991 4540 1060 4607 fise]
1085 4548 1261 4592 accusatores
1279 4543 1389 4607 publice
1408 4542 1543 4592 constitu·

258 4631 300 4675 tou
322 4625 518 4690 persequendis
536 4624 676 4675 fiscalibus
695 4626 792 4691 paenis.
855 4623 876 4655 ³³
894 4626 1022 4676 l'ereoi.
1086 4625 1108 4660 ²⁴
1126 4628 1188 4677 Ter.
1203 4628 1304 4677 Hennt.
1319 4628 1350 4676 V.
1366 4626 1428 4677 lna.
1453 4627 1543 4687 „mini

257 4711 328 4761 iltaee
347 4726 411 4761 vero
431 4711 464 4760 ad
483 4715 585 4762 rastros
603 4726 647 4762 res
665 4710 762 4761 reiltun
825 4708 1021 4775 ³⁵s11ppell.3.
1084 4710 1105 4744 ⁴⁴
1124 4712 1277 4762 eurtisoois
1296 4711 1406 4777 dignum
1425 4711 1546 4767 odium·
