3382 5370
278 352 350 422 56⁶¹
716 381 833 416 Dtntottt
857 380 1126 416 rsrzvnouvrruntct.

341 540 479 595 Genius.
518 541 653 596 Tartareo
677 541 720 595 laic
742 540 903 596 menindus
926 540 1029 599 aditus,
1052 539 1184 595 Cerberus
1207 548 1249 594 est
1271 558 1350 612 spirent
1372 539 1467 599 audis:
1493 539 1572 594 insta

277 626 308 680 ad
331 624 423 681 latram
446 624 520 680 lacus
542 625 753 699 1¹yriptiteguoa
775 643 805 679 ac
828 626 902 697 regia
924 624 1061 686 l‘lutouis2
1092 625 1123 679 ad
1152 625 1271 679 ‹lestram
1302 624 1391 679 lriatns
1415 624 1462 680 ille
1488 641 1573 697 quem

277 711 366 765 cernis
389 710 582 784 lmpcratormn
607 710 711 765 turbam
734 709 867 771 continet,
899 710 943 782 (pri
977 708 1049 764 illine
1073 709 1097 765 in
1121 709 1173 763 rita
1196 709 1297 763 divitiis
1319 709 1476 783 rrrrrniisque
1501 718 1573 764 sunt

277 795 368 855 aliosi:
390 812 481 849 rerum
504 794 615 850 susannis
637 794 840 868 ingrediendum
864 793 990 869 pedilrns.
1014 811 1046 848 ue
1070 792 1186 849 lemures
1210 793 1376 848 insidientur.

210 886 267 934 tus.
340 878 491 934 Carolus.
529 879 645 935 lolianus
667 887 694 935 et
716 879 800 941 llere,
824 879 991 934 llomicianus
1015 880 1077 934 item
1101 878 1173 952 qrrod
1196 878 1302 934 tandem
1325 878 1473 952 impietatis
1498 892 1591 952 pen-s

276 965 343 1020 ilnut
366 963 544 1037 supplicium?

340 1048 476 1104 (lessius.
514 1049 597 1105 Simul
627 1066 721 1106 onmes
749 1048 896 1123 liquefacto
927 1047 1036 1121 plomlio
1065 1048 1211 1107 [rixantur.
1244 1056 1343 1121 praeter
1372 1064 1454 1102 orrum
1486 1046 1571 1103 lulia-

277 1151 355 1194 num,
380 1134 425 1206 qni
450 1133 484 1188 oli
506 1134 629 1190 lueresim
652 1134 763 1189 maxima
787 1133 861 1189 tralie
883 1132 1022 1189 devinctus
1044 1143 1072 1189 et
1086 1132 1227 1206 supposita
1243 1132 1330 1206 lupide
1348 1134 1468 1206 pondere
1486 1133 1570 1205 quin·

277 1219 405 1293 quaginta
430 1217 593 1274 talentorum
616 1228 697 1293 atque
721 1218 930 1274 insolentissima
953 1218 1071 1291 podagra
1094 1218 1224 1279 allicitnr;
1254 1236 1314 1291 qrrm
1336 1218 1360 1272 ei
1384 1217 1499 1272 maxima
1523 1225 1569 1272 est

278 1321 366 1378 picena.
410 1302 560 1359 Alexandro
582 1305 624 1360 cni
649 1311 722 1359 totos
745 1321 799 1359 non
822 1304 965 1358 sulleeerut
987 1302 1076 1363 orbis.
1100 1302 1174 1358 locus
1196 1303 1335 1358 dimensus
1358 1309 1400 1357 est
1417 1301 1566 1364 censemus,
1580 1315 1605 1354 m

278 1389 350 1444 lrand
372 1387 488 1462 atriplior
510 1389 592 1462 pede,
620 1406 707 1462 eoque
732 1389 816 1445 iacere
838 1396 996 1443 contentum
1020 1396 1145 1462 oportet;
1176 1386 1247 1442 illius
1272 1405 1334 1442 roro
1357 1404 1455 1460 parens
1480 1385 1568 1460 (qrrod

211 1473 421 1528 §.ltridieulrnn
445 1473 570 1529 fortassis
593 1473 685 1545 scierit)
709 1474 734 1528 iu
758 1473 857 1545 angulo
880 1472 995 1546 qumlam
1023 1474 1150 1528 detentus
1177 1471 1282 1528 calceos
1311 1472 1438 1527 resarcit:
1470 1471 1570 1527 liuius·

277 1559 347 1614 modi
373 1559 398 1613 in
421 1558 506 1614 malos
528 1559 664 1632 principes
687 1559 821 1613 iaciuntur
842 1556 937 1613 calculi
960 1557 992 1612 ali
1016 1559 1111 1614 Aeaco.
1400 1551 1570 1632 [emlornm‘l

341 1644 360 1697 C
368 1643 469 1699 aroln
479 1663 500 1698 s.
537 1641 605 1709 Quid
630 1644 713 1715 igitur
735 1641 879 1717 proficeret
902 1643 1079 1698 intumescere
1095 1643 1126 1698 ad
1143 1641 1276 1698 modicum
1291 1649 1318 1696 et
1335 1658 1417 1713 regna
1433 1641 1568 1697 amittere

342 1728 478 1783 Cenius
517 1727 549 1782 Et
571 1745 625 1801 qno
648 1728 831 1802 potentiores.
854 1745 888 1782 eo
912 1727 1012 1782 minora
1036 1728 1174 1801 stragisque
1198 1744 1228 1783 ae
1251 1726 1336 1797 magis
1352 1726 1488 1799 exquisita
1505 1735 1567 1781 tor·
1581 1740 1604 1778 rs

279 1821 368 1869 tarenta
392 1814 549 1887 patiuntur?
573 1812 618 1867 sed
641 1821 669 1868 et
692 1811 900 1868 :iniisnissmunn
923 1820 1029 1886 pratrnn
1053 1829 1105 1867 non
1129 1811 1210 1884 longe
1232 1810 1326 1871 alrest,
1350 1811 1502 1884 paradisus.

342 1897 495 1953 Carolus.
532 1896 599 1964 (lind
623 1896 664 1953 lric
687 1896 762 1952 solus
785 1897 890 1952 nemine
914 1906 1080 1969 repugnante
1103 1914 1193 1952 secum
1208 1895 1372 1968 digladiatur
1387 1894 1572 1951 adulescens‘.l

211 1989 270 2038 tlt.
344 1983 481 2037 Cenins.
518 1982 636 2055 Angelus
665 1989 706 2037 est
740 1982 855 2055 paradisi
883 1990 984 2037 custos.
1009 1982 1080 2055 ipsas
1103 1981 1243 2055 pulsemus
1267 1980 1347 2035 linces.
1393 1978 1466 2034 llens
1490 1980 1572 2045 licus,

278 2067 380 2139 aperite
403 2076 522 2122 actutum
546 2068 632 2122 iores!

342 2150 467 2207 llclias.
504 2151 598 2207 Salvus
621 2153 673 2212 sis.
698 2152 772 2207 Cetn.
797 2152 866 2206 unde
889 2151 980 2206 serris?
1003 2160 1029 2205 et
1053 2151 1096 2205 liic
1119 2151 1241 2223 quisnam
1265 2151 1324 2204 est?
1581 2162 1608 2200 ao

342 2237 361 2287 C
371 2237 478 2292 onius.
515 2237 727 2292 Christianorum
752 2237 901 2310 lnrperator
922 2235 1033 2291 Carolus
1057 2236 1203 2297 transimus,
1228 2236 1334 2290 urricnnr
1359 2243 1440 2289 terra·
1459 2253 1571 2291 rrrtrneu.

345 2320 471 2377 llelins.
509 2321 678 2378 llasimiliani
702 2324 806 2395 nepos?

343 2406 481 2462 (lenius.
518 2406 607 2481 Nepos
630 2424 662 2462 en
684 2405 740 2460 lilio
761 2405 896 2480 Philippo.

344 2489 467 2546 llelias.
506 2492 584 2547 Adsis
608 2491 686 2551 ielis,
711 2491 874 2546 beatissime.

344 2574 478 2632 Cenius.
516 2576 626 2632 Ulrinarn
648 2576 843 2650 lmperatorrnn
865 2576 964 2631 colrors
987 2593 1066 2649 qrunu
1089 2574 1287 2631 nudiustertius
1309 2574 1418 2630 dimisi?

266 2701 271 2712 .
346 2659 470 2717 llclias.
508 2662 580 2716 luter
602 2660 714 2716 arbores
735 2658 896 2715 deliciantur
919 2677 972 2714 non
996 2660 1099 2733 procul.

344 2746 478 2800 Cetrius.
516 2746 578 2801 lnlre
601 2753 631 2821 nt
653 2746 679 2800 in
701 2744 858 2800 concionem
881 2745 986 2799 veniant
1009 2745 1088 2801 simul
1112 2763 1213 2800 ornnes.

344 2829 470 2885 llelias.
507 2830 609 2904 Sponte
631 2830 788 2889 adrenirmt.
818 2830 848 2885 ad
878 2829 941 2883 osui
970 2830 1068 2903 opinor
1090 2829 1207 2903 pulsnm.
1237 2829 1331 2891 riden',
1360 2829 1472 2892 Carole,
1503 2850 1574 2887 cauo

280 2914 414 2987 capillirio
436 2916 633 2988 adrnodunrqnc
655 2914 788 2988 promissa
812 2913 893 2968 lurrlra
916 2914 1094 2969 terremtatem
1118 2915 1227 2969 senem?

345 2999 498 3055 Carolus.
537 2999 628 3055 Video.
859 3006 862 3012 '
1584 3010 1611 3050 tt

347 3084 470 3139 llclius.
507 3084 700 3141 llusimilianus
723 3094 773 3139 est.

345 3169 496 3226 Carolus.
534 3169 609 3225 illins
631 3177 720 3226 antem
744 3169 804 3243 spuis
827 3168 872 3242 qui
896 3169 990 3224 dextro
1015 3167 1130 3243 implero
1155 3168 1264 3225 laraelriu
1287 3169 1453 3224 comitatur?

346 3253 474 3310 llclias.
510 3253 622 3310 Carolus
644 3254 689 3309 ille
712 3272 790 3327 quem
815 3271 940 3327 rrragnnm
963 3263 1067 3310 amicant.

346 3340 482 3395 Cenins.
513 3339 615 3395 decede.
638 3340 760 3413 propius.

347 3424 501 3480 Carolus.
537 3421 626 3485 Salve.
651 3433 692 3479 ter
714 3422 1010 3481 masiure'dernilianel
1586 3434 1613 3473 ³5

262 3536 274 3573 ι,
349 3509 608 3565 llasirnilianns.
646 3508 678 3563 Et
700 3518 729 3564 tu
752 3526 861 3583 ustoque
885 3512 996 3565 irrasime
1018 3510 1090 3565 adsis
1113 3511 1260 3583 prospere!
1482 3504 1574 3584 [ruini.

347 3594 496 3650 Carolus.
533 3594 616 3662 Quam
640 3593 731 3649 felices
755 3596 821 3649 estis
838 3596 883 3667 qni
899 3596 972 3649 exuti
996 3613 1011 3648 e
1033 3593 1140 3650 trientali
1158 3595 1208 3649 lroe
1223 3611 1331 3649 carcere
1346 3594 1488 3649 divinitate
1505 3595 1576 3650 lrui·

347 3679 610 3735 llasinrilianus.
648 3678 805 3735 Felicissimi
829 3696 957 3753 prorsus,
982 3680 1027 3734 scd
1052 3697 1104 3734 urm
1128 3679 1180 3734 nisi
1197 3678 1283 3734 multo
1300 3679 1397 3734 sudore
1415 3678 1575 3734 lurinsmmli

285 3764 395 3836 regilius
418 3773 547 3841 parantur
569 3763 680 3819 deliciae.

349 3848 502 3905 Carolus.
539 3848 606 3916 Quid
629 3849 680 3904 linc
704 3866 752 3903 nim
775 3850 931 3904 accersisti?
1586 3858 1616 3898 to

218 3952 276 4001 un.
350 3933 610 3989 llaximilianus
647 3933 743 3989 llicam.
782 3934 827 3988 sed
852 3935 928 4007 prius
951 3933 1036 3988 saluta
1061 3934 1154 3989 lliros:
1179 3932 1225 3988 llic
1241 3932 1352 3988 Carolus
1369 3941 1419 3992 est.
1443 3932 1487 3987 liic
1502 3932 1577 3989 llen·

288 4021 372 4080 ricus,
396 4019 447 4074 iste
471 4018 635 4078 ladovicus.
659 4019 729 4073 insta
746 4018 889 4074 l'ederiens
912 4036 988 4074 naeus
1011 4036 1123 4092 parens.
1149 4018 1208 4073 iude
1231 4028 1258 4072 et
1281 4017 1378 4091 reliqui
1403 4035 1498 4089 reges:
1524 4036 1577 4074 nec

287 4106 358 4161 eninr
382 4120 474 4158 omnes
496 4120 655 4177 percensere
678 4121 798 4176 possum.

351 4187 502 4243 Carolus.
540 4187 657 4248 Sancte,
681 4187 782 4242 llrroes
806 4189 914 4262 optirui.
940 4206 991 4244 una
1015 4189 1122 4244 ornnes!

353 4273 432 4329 lliri.
470 4271 502 4328 Et
525 4281 553 4328 tn
576 4272 647 4328 salse
670 4290 792 4346 spirisque,
816 4290 919 4329 rrecrron
943 4283 970 4329 ct
993 4283 1086 4329 nostra
1111 4274 1215 4328 imitare
1239 4273 1361 4345 vestigia.
1587 4294 1617 4334 ts

220 4375 277 4425 §.aa
352 4357 616 4414 llaxinrilianus.
653 4357 697 4411 llic
726 4358 803 4418 ruild.
833 4358 942 4420 Carula,
969 4359 1003 4414 de
1032 4365 1119 4415 morte
1142 4375 1198 4413 mea
1222 4376 1302 4431 quarn
1326 4356 1426 4412 lralaeut
1449 4358 1578 4415 homines

290 4443 460 4517 opinionem?

355 4627 365 4655 ⁹
388 4626 487 4674 Curttlo
511 4625 568 4674 lere
592 4625 732 4674 vicenario
756 4628 853 4689 geniata
877 4626 999 4691 podagra
1023 4631 1099 4676 reete
1123 4628 1302 4676 vaticinatus.
1374 4624 1396 4656 ³²*
1421 4625 1465 4675 cf.
1481 4627 1578 4679 adnot.

288 4726 314 4774 p.
329 4708 386 4758 snt.
439 4707 460 4740 ⁴¹
479 4708 521 4758 cf.
536 4725 598 4774 pag.
612 4709 653 4759 et.
666 4725 691 4758 v.
706 4709 731 4759 lt.
