3382 5370
282 340 354 410 562
715 372 830 406 nannoni
850 372 1118 407 rsttt'nottvrrns'tct.

343 529 592 585 ferdinandus.
628 530 716 603 Papo,
744 530 807 602 qnid
837 530 888 585 linc
919 530 957 583 rei
985 530 1045 585 est?
1073 529 1136 583 l'ide
1165 545 1197 583 nr
1221 528 1247 582 in
1270 527 1357 602 palam
1381 529 1405 582 id
1430 537 1495 583 ante
1521 528 1573 581 tri·

279 615 361 670 duum
384 614 479 670 ederas
501 615 640 688 protinus,
663 615 877 688 qnandoquidem
902 615 927 669 id
949 613 1011 669 niali
1034 614 1132 668 ominis
1154 631 1214 667 esse
1236 621 1413 685 augurantur.

342 699 493 754 Carolus.
530 699 715 773 Neipiaqnam:
738 716 828 754 rerum
851 716 1012 753 evanescens
1035 699 1061 753 in
1084 716 1174 754 annm
1198 698 1352 753 umlirarum
1374 715 1451 753 more
1475 699 1503 752 in
1521 714 1570 751 au·

279 802 335 840 rem
358 784 494 845 susurriit‚
517 801 549 839 ne
572 784 636 857 quid
660 784 768 839 turliato
790 802 820 839 ac
842 782 942 857 pusillo
963 784 1053 839 aniano
1076 784 1176 843 iorem.
1199 801 1230 838 ac
1253 783 1362 838 monitis
1385 800 1569 857 praepropere

280 870 486 943 acquiescerem.

224 957 270 1005 qs,
343 953 592 1011 ferdinandus.
631 953 698 1010 Num
720 955 752 1010 ad
781 972 810 1009 sc
838 953 977 1010 accersivit
996 956 1035 1008 'ut
1063 951 1127 1008 olim
1149 955 1265 1008 Aeneam
1288 952 1418 1009 ducliises
1442 952 1468 1007 in
1492 970 1568 1008 cam·

278 1056 342 1114 pum
364 1038 501 1114 Elysium?

340 1124 493 1179 Carolus.
530 1123 604 1178 Adeo
626 1140 657 1178 er
679 1140 758 1196 aequo
782 1121 854 1177 illius
877 1123 1071 1196 protectionem
1095 1123 1192 1177 anetim
1213 1140 1243 1178 ac
1259 1141 1347 1178 meum
1362 1124 1516 1182 somnium.
1533 1131 1566 1177 ut

278 1210 408 1269 nesciant,
430 1207 565 1264 electurus
589 1225 622 1262 ne
643 1208 693 1262 sini
717 1206 789 1263 illius
811 1208 992 1263 narrationem
1015 1206 1055 1262 rel
1079 1208 1172 1280 potius
1194 1206 1350 1281 praeclaram
1373 1225 1403 1262 ac
1420 1208 1566 1263 iucundam

277 1294 431 1348 memoriam
454 1294 505 1348 mei
527 1294 662 1348 insomnii.
1577 1308 1603 1346 ιι

342 1377 585 1433 l'eritinandus.
622 1377 753 1433 l’errelim
774 1377 875 1433 auilire.

342 1461 496 1518 Carolus.
532 1462 625 1516 Gestio
648 1478 757 1516 narnus
778 1470 921 1536 postquam
945 1463 1060 1518 rediero.

222 1558 268 1606 tt.
344 1547 593 1602 ferdinandus.
629 1546 810 1602 l’rodcisceris
833 1548 935 1618 igitur?

340 1631 496 1686 Carolus.
534 1632 569 1686 tu
592 1632 729 1687 decretum
752 1638 808 1691 est.
832 1632 964 1705 siqnidem
988 1632 1042 1687 ltiis
1065 1633 1220 1706 parendum.

340 1716 587 1772 l‘erdinandus.
624 1714 758 1783 Quorsum
780 1716 843 1775 linc.
867 1717 1068 1772 amantissime?
1097 1717 1235 1773 instructis
1259 1717 1309 1772 iam
1331 1717 1417 1791 copiis
1439 1718 1564 1789 migran-
1578 1732 1603 1770 ra

275 1802 339 1857 dum
362 1802 458 1856 luisset
480 1801 506 1855 in
523 1801 692 1861 Germanias:
713 1801 808 1856 deinde
832 1802 973 1875 imperium
996 1802 1201 1862 vendicandum.
1224 1802 1390 1877 pervadenda
1407 1801 1499 1863 ltalia.
1523 1813 1566 1858 at·

276 1903 329 1959 qne
353 1886 449 1942 ilmlem
472 1886 665 1960 expugnandus
688 1886 788 1947 Tucca.
817 1894 844 1940 et
874 1887 951 1942 turlia
975 1883 1020 1941 illa
1043 1887 1168 1960 Simonis
1191 1887 1279 1958 saraph
1307 1887 1332 1941 in
1361 1887 1494 1942 ditionem
1518 1905 1565 1942 re·

277 1971 392 2027 vocanda
415 1970 601 2026 lledinlannm.
624 1971 687 2045 quid
710 1970 761 2027 lmc
783 1971 834 2027 iam
858 1971 884 2026 in
907 1981 1023 2027 mentem
1046 1972 1134 2026 uenit?

339 2054 494 2111 Carolus.
530 2058 618 2129 Atque
641 2055 676 2111 ob
698 2055 749 2111 hoc
770 2056 896 2117 maxime,
920 2074 974 2131 quo
996 2057 1059 2129 quid
1082 2056 1214 2128 agendum
1237 2058 1273 2112 sit
1295 2057 1433 2130 experiar:
1463 2056 1567 2112 deinde

277 2159 332 2215 quo
354 2141 457 2202 quidne:
479 2149 617 2214 postremo
640 2149 768 2214 quantum
792 2140 870 2196 nohis
891 2140 1073 2214 astipulentur
1094 2142 1156 2197 lata.
1575 2157 1604 2196 aa

220 2243 266 2291 es,
340 2225 589 2281 Ferdinandus.
627 2225 786 2281 Sulleeerint
813 2226 844 2281 ad
867 2226 918 2281 lior
941 2227 1045 2299 negocii
1068 2225 1233 2281 Genctldiaei
1262 2234 1289 2280 et
1311 2225 1487 2299 Philosophi.
1516 2227 1568 2282 de·

276 2312 358 2385 nique
381 2320 408 2365 et
430 2309 510 2366 aulici
532 2310 620 2366 nostri
642 2319 768 2384 penates.
791 2318 821 2365 ut
843 2310 1055 2367 Carolocolaces.

337 2394 495 2451 Carolus.
532 2393 602 2450 lliliil
625 2411 718 2450 moror
741 2396 792 2451 lior.
815 2396 952 2452 litirninum
974 2414 1070 2468 genus,
1095 2397 1194 2470 quippe
1219 2397 1290 2471 quod
1314 2396 1349 2451 oli
1371 2395 1520 2452 blanditias
1536 2407 1567 2453 et

276 2484 393 2538 latorem
416 2497 509 2554 parurn
533 2480 605 2553 lrugi
627 2479 761 2542 consulat,
785 2479 923 2554 placaque
946 2482 1025 2537 etiam
1048 2482 1211 2537 ementiatur
1235 2482 1260 2536 in
1284 2482 1416 2541 lavarem.
1440 2499 1498 2555 quo
1514 2483 1568 2538 sti·

275 2568 317 2642 pis
339 2565 439 2640 aliquid
461 2564 632 2638 adipiscatur.
1576 2583 1604 2622 aa

339 2649 584 2706 Ferdinandus.
621 2648 795 2705 advocandus
823 2650 906 2721 igitur
928 2649 1037 2723 'lyresia
1066 2650 1164 2725 aliquis
1187 2650 1226 2706 rel
1250 2651 1393 2707 Zoroastes
1416 2659 1464 2707 aut
1486 2663 1569 2707 certe

275 2735 422 2792 llercurins
444 2735 468 2788 ci
493 2750 584 2807 operae
607 2734 762 2807 specialiter
783 2734 899 2789 deditus.

221 2837 266 2887 qe,
338 2819 492 2875 Carolus.
529 2818 619 2893 Neque
642 2818 739 2874 liornnr
762 2818 940 2875 lalmlarnenta
963 2820 1137 2892 magnifacio.
1160 2830 1257 2896 utpote
1279 2818 1457 2877 Christianus.

337 2904 587 2960 l'erdiuandns.
624 2901 682 2970 Quo
705 2904 790 2974 initur
810 2903 923 2959 ductore
944 2905 1144 2979 proficisceris?
1166 2907 1274 2962 numine
1296 2905 1387 2980 aliquo
1411 2914 1454 2960 est
1479 2924 1564 2980 opus.

338 2988 489 3045 Carolus.
527 2990 613 3061 dtque
636 2987 687 3044 hoc
710 2988 816 3062 quidem
838 2989 864 3042 in
887 2998 1014 3064 promptu
1037 3000 1093 3051 est,
1116 2990 1408 3047 llarimilianiGcnius.
1447 2992 1471 3045 is
1495 3008 1602 3066 spo-aa

273 3075 370 3151 pomlit
392 3081 471 3129 nnete
494 3073 545 3128 iani
568 3073 728 3147 intempesta
751 3090 780 3128 se
802 3073 960 3131 rediturum.

340 3158 591 3215 l'erdinandus.
628 3157 722 3214 faxint
745 3158 851 3232 superi.
874 3167 904 3215 ut
927 3160 999 3215 bom»
1023 3159 1149 3233 felicique
1173 3161 1278 3217 itinere.

218 3260 265 3309 m,
338 3242 489 3299 Carolus.
527 3243 566 3298 'lu
589 3244 696 3299 interim
718 3244 740 3298 si
765 3243 828 3316 quid
851 3245 956 3317 negocii
978 3245 1132 3307 elmenerit.
1155 3247 1294 3322 expedito:
1317 3245 1433 3302 militum
1458 3265 1568 3320 praeca-

273 3332 374 3386 rinrum
398 3330 533 3401 ingentem
561 3346 690 3384 summam
717 3328 875 3391 conducite,
908 3347 961 3404 qno
984 3339 1078 3387 astate
1108 3332 1196 3387 lutura
1226 3332 1251 3386 in
1274 3331 1441 3386 Germaniam
1472 3333 1567 3388 solra-

274 3433 341 3472 mos.
378 3414 424 3469 sed
447 3414 498 3469 iarn
522 3422 627 3487 tempus
648 3413 722 3468 saliit
744 3431 798 3487 quo
821 3414 919 3469 radam.
942 3432 995 3488 ego
1018 3416 1044 3470 in
1066 3414 1185 3471 conclavi
1209 3433 1250 3471 nie
1272 3416 1403 3490 proripio.
1575 3431 1601 3470 aa

336 3500 468 3554 Genius.
505 3498 589 3559 licus.
614 3516 630 3554 o
651 3497 759 3554 Carole!
782 3515 815 3554 en
837 3500 946 3555 adsum:
968 3518 1076 3556 auream
1099 3509 1125 3557 te
1147 3518 1241 3556 noriam
1258 3501 1439 3574 precingere,
1463 3511 1492 3556 et
1516 3521 1566 3577 ey·

272 3586 357 3641 darim
379 3584 460 3658 capiti
483 3584 607 3645 admove.
630 3584 782 3640 castoreum
805 3593 917 3655 gestans
939 3585 965 3639 in
988 3585 1121 3641 manilius.

337 3667 491 3724 Carolus.
529 3671 616 3743 dtquc
640 3670 674 3723 ita
699 3670 748 3723 iam
772 3669 832 3723 leci.

220 3771 265 3821 μ,
340 3754 473 3810 Genius.
510 3753 589 3808 l'ates
616 3753 694 3808 nobis
720 3753 840 3809 adeunda
868 3754 957 3827 prins:
985 3754 1007 3809 si
1037 3755 1100 3828 qnid
1123 3754 1208 3827 igitur
1231 3754 1384 3815 «devenerit,
1417 3771 1449 3810 ne
1476 3759 1565 3832 trepi-

272 3837 328 3893 des.
364 3838 409 3893 sed
433 3839 483 3893 iam
506 3856 548 3894 nie
569 3856 692 3912 sequere.
1574 3852 1602 3890 an

336 3922 490 3978 Carolus.
528 3923 610 3978 Ellam
638 3940 746 3997 specum
777 3923 1031 3996 profundissimam.
1064 3923 1184 3997 ralipant
1218 3924 1305 3985 acidi:
1340 3941 1473 3997 quorsum
1509 3944 1565 3982 nos

274 4007 404 4064 alulucis‘!

337 4092 475 4147 Genius.
514 4095 627 4148 didrnm
650 4102 691 4148 est
714 4092 884 4166 Siliyllinmu.

338 4176 490 4232 Carolus.
528 4178 647 4250 Eryunes
669 4178 746 4233 video
769 4187 908 4234 tartareas.

338 4262 472 4317 Genius.
508 4261 617 4335 sumta
639 4272 720 4318 sunt:
742 4281 799 4319 earn
822 4281 882 4337 quas
904 4265 991 4338 primo
1015 4264 1121 4338 prodit.
1144 4262 1301 4321 Cumanam.
1324 4262 1441 4318 arlorire.
1572 4288 1601 4329 45

221 4359 266 4409 Co.
339 4345 493 4402 Carolus.
531 4347 665 4403 llesercor
685 4347 818 4404 vetulam:
841 4347 913 4404 salve
935 4350 1016 4404 anus!

274 4513 464 4521 ---——

339 4611 361 4644 ἰ’
378 4614 502 4664 Tiresiam
555 4613 599 4664 rol
611 4614 757 4665 Zoroaster
775 4619 801 4664 3.
853 4612 876 4646 ²⁸
892 4620 986 4665 return
1004 4629 1199 4680 magorumque
1219 4630 1251 4664 ex
1271 4615 1488 4679 antiquitatibus
1508 4619 1560 4669 nd·

273 4697 331 4748 lntn
350 4698 483 4763 exempla.
539 4697 562 4730 ³⁴
580 4705 669 4751 estate
688 4704 711 4751 1.
