3382 5370
253 356 324 427 372
494 371 540 421 ΧΙ.
611 387 769 422 eunoicus.
839 388 976 423 uracoors
996 387 1178 423 urruesrcvs.
1198 370 1278 434 (isaii.)

314 561 511 603 rnaucrscvs.
550 539 633 611 Quod
657 550 687 600 ut
711 559 767 601 urm
782 543 833 610 sit,
857 550 951 602 lernen
967 560 1082 618 semper
1097 541 1268 609 honestum,
1289 557 1403 616 semper
1419 539 1531 615 magni-

253 641 377 730 gfiffigffifiw
430 644 515 703 deum
539 642 592 704 luit
614 650 801 704 contemnere
830 645 997 720 pecuniam,
1029 643 1106 722 quod
1129 662 1161 702 ea
1185 643 1297 702 animos
1320 642 1476 702 ellrnminet
1498 658 1532 699 ae

252 746 363 823 magnis
386 751 414 803 et
435 744 551 805 induitis
572 743 745 824 plerumque
766 744 849 805 malis
876 763 976 806 caussa
1005 747 1056 815 sit,
1087 753 1115 805 el.
1137 766 1170 806 er
1194 745 1357 804 diuitiarum
1380 742 1530 803 abuudan-

252 845 311 923 il?
324 848 386 931 Ἣ
408 847 445 906 tia
460 845 596 925 proclivis
618 847 667 907 dat
688 849 716 907 in
740 847 878 907 desidiam
901 854 930 908 et
950 844 1095 907 luxuriam
1117 846 1226 914 abitus;
1251 854 1352 905 eontra
1374 844 1456 904 lucro
1479 844 1531 903 de·

185 950 337 1016 §.retineri
359 966 474 1027 semper
496 957 525 1009 et
547 948 622 1026 apud
646 967 747 1009 onmes
769 957 862 1026 turpe.
900 958 929 1008 at
950 955 1045 1008 restra
1068 955 1126 1008 tota
1149 948 1186 1007 ad
1208 955 1348 1026 quaestum
1372 946 1552 1005 adornarura

252 1051 323 1117 rita,
354 1069 449 1129 neque
471 1048 546 1111 aliud
569 1069 655 1129 quam
684 1051 825 1111 ditescere
852 1052 1032 1128 propositum
1062 1050 1143 1110 robis
1172 1056 1229 1117 est:
1256 1047 1306 1109 ubi
1331 1066 1397 1108 rero
1420 1047 1532 1107 ‹livitias

252 1153 320 1213 ostis
341 1152 486 1221 adsecuti,
509 1153 655 1230 quomodo
677 1154 790 1213 utimini
811 1152 863 1212 iis?

314 1274 489 1316 uenearon.
526 1252 616 1314 Aliter
638 1253 692 1314 alii.

313 1375 511 1418 rememoro.
548 1354 649 1415 illelior
672 1374 755 1434 pars‚
779 1356 856 1434 quod
872 1375 929 1415 nou
946 1355 1079 1431 negabis
1103 1355 1140 1415 ad
1155 1354 1358 1423 eruditionem,
1381 1351 1532 1413 libidinem

253 1466 281 1517 et
303 1456 407 1534 gulmn.
1543 1472 1567 1511 ro

252 1556 397 1634 ζζξξξῖΝῑΙ
461 1579 634 1620 unnenron.
673 1559 757 1619 Esto:
788 1561 912 1621 rendere
941 1578 1008 1620 rero
1036 1559 1111 1638 quod
1141 1565 1189 1619 tua
1220 1569 1287 1618 ante
1309 1557 1430 1636 pecunia
1453 1573 1533 1616 com·

252 1662 415 1737 parareris
439 1661 623 1720 inhonestum
646 1661 702 1721 lroc
724 1662 788 1722 est?

316 1781 514 1824 renuerscvs.
552 1762 614 1822 Non
646 1769 703 1831 est;
733 1781 899 1842 quanquam
927 1764 1022 1823 omnia
1052 1763 1134 1823 video
1164 1781 1251 1840 supra
1275 1769 1383 1821 sortem
1408 1760 1533 1821 rendere

253 1880 318 1933 vos,
343 1871 370 1924 et
392 1872 471 1923 tauto
494 1863 643 1924 meliorem
666 1883 811 1943 quemque
836 1871 1027 1925 mercatorem
1050 1865 1178 1934 censeri,
1202 1872 1310 1942 ‹prarrto
1326 1863 1456 1923 lucratur
1471 1879 1532 1921 ma·

254 1967 313 2045 gis:
342 1966 393 2026 sed
417 1973 448 2025 ut
469 1965 622 2027 honestum
645 1968 681 2026 sit
709 1969 865 2044 negotiari,
899 1974 994 2027 tamen
1023 1967 1133 2027 diuitias
1156 1967 1204 2045 qui
1233 1973 1382 2044 quaerunt,
1412 1981 1567 2025 necessera

254 2074 298 2127 est
320 2066 433 2128 illarum
455 2067 550 2128 studio
572 2068 665 2146 turpia
690 2087 898 2148 nonuunquam
921 2069 1080 2128 admittant.
1118 2075 1179 2129 tum
1195 2076 1365 2146 exprompta
1389 2074 1421 2127 ut
1442 2064 1533 2143 pluri·

253 2164 437 2243 {gssfflffll
460 2187 540 2230 mum
563 2171 665 2231 lraude
688 2171 756 2230 estis
778 2178 807 2230 et
828 2171 945 2231 astutia:
970 2188 1049 2239 nam,
1073 2177 1104 2230 ut
1120 2188 1177 2230 uno
1193 2170 1288 2230 diearn
1304 2168 1407 2236 uerbo,
1432 2174 1534 2228 restra

256 2268 374 2330 lraudes
397 2278 477 2338 sunt,
503 2272 646 2351 vestrique
668 2270 735 2332 doli.

187 2388 246 2438 cn.
319 2392 489 2435 reversuro.
528 2372 619 2439 Nilril.
644 2392 661 2432 0
683 2373 805 2454 hospes
829 2373 968 2453 relinquis
984 2376 1011 2434 in
1029 2375 1196 2435 Curtisanos
1217 2391 1299 2433 meos
1322 2372 1398 2452 quod
1421 2371 1535 2431 dicatur

255 2479 365 2551 postea.
1543 2494 1571 2533 eo

317 2596 516 2638 rnaucrsovs.
554 2577 615 2654 Ego
638 2578 685 2637 liic
708 2595 788 2646 suin,
812 2577 848 2637 de
871 2576 926 2636 illis
948 2585 979 2637 tu
1002 2578 1120 2646 rideris,
1149 2578 1268 2637 audiant
1290 2595 1320 2637 se
1343 2576 1437 2653 digna.
1483 2575 1535 2635 uic

255 2677 326 2737 milri
348 2685 378 2738 lu
403 2697 486 2747 vero,
510 2677 559 2737 ulri
583 2686 611 2738 et
632 2679 748 2758 quaudo
770 2677 845 2738 nude
867 2679 943 2758 apud
969 2698 1018 2738 vus
1040 2679 1160 2739 audiuul
1182 2678 1276 2739 callidi
1299 2679 1343 2737 isti
1360 2686 1387 2737 ct
1402 2676 1535 2755 improbe

254 2777 336 2839 lucro
359 2779 465 2840 dediti?

317 2900 492 2943 macaron.
531 2881 602 2951 Quia
626 2882 701 2942 euim
723 2881 851 2960 proclive
874 2901 932 2942 non
955 2891 998 2943 est
1021 2883 1105 2943 nobis
1126 2884 1254 2944 iudicare
1276 2883 1313 2942 de
1335 2880 1406 2942 aliis.

318 3002 516 3044 rnuuorsovs.
554 2982 617 3042 Nou
640 2991 697 3052 est,
722 3003 788 3044 cunr
811 2983 1025 3045 callidissimum
1049 3004 1194 3064 quemque
1210 2985 1406 3045 fraudatorem
1422 2983 1457 3043 ad
1475 3001 1570 3043 cor-as

257 3082 318 3143 lum
340 3103 433 3163 usque
455 3085 569 3154 ieratis,
593 3103 648 3145 nos
669 3091 798 3146 extreme
820 3086 1019 3147 detestemini?

319 3205 493 3247 mascaron.
532 3186 627 3248 Semel
650 3188 756 3247 lae-lum
780 3187 837 3247 lroc
860 3197 903 3248 est
924 3188 960 3248 ab
983 3188 1183 3267 imprudente:
1207 3206 1274 3248 urim
1290 3187 1361 3248 illud
1376 3205 1434 3248 non
1452 3186 1535 3246 virleu

257 3286 388 3347 lraudem
411 3289 459 3366 qui
482 3289 675 3350 commendet.

256 3406 352 3443 rnoereri-
401 3381 409 3450 Ι
473 3410 671 3454 ruuucrsovo.
710 3390 867 3453 Ostendam
890 3394 939 3470 qui
962 3391 1060 3460 iaciat:
1084 3399 1150 3452 tuos
1173 3392 1340 3453 Fucrlreros
1363 3391 1536 3451 bonosesse

256 3489 333 3548 viros
356 3493 461 3569 negas?
1546 3515 1572 3554 ιι

190 3601 249 3650 §.te
320 3613 496 3655 unnenron.
534 3594 631 3655 Bonos
653 3612 717 3655 esse
739 3594 813 3655 dico.

318 3714 516 3757 uneucrscvs.
553 3696 576 3756 li
599 3714 666 3757 vero
688 3714 775 3775 quam
797 3704 889 3758 artem
911 3699 1066 3758 exercent?
1095 3716 1192 3758 nonne
1214 3698 1348 3759 lrarnlant
1370 3707 1399 3759 et
1420 3698 1537 3758 deleau-

259 3794 328 3854 dant
349 3795 521 3874 quibuscum
543 3799 750 3874 negotiantur?

322 3918 496 3959 uancnrou.
535 3899 660 3959 Minime.

321 4019 518 4061 uuauorsovs.
555 3999 672 4060 Vincam
696 4007 723 4061 tc
745 4001 866 4062 testibus
882 4003 948 4063 lruic
964 4021 1073 4064 caussae
1088 4004 1198 4064 idoneis
1214 4006 1440 4070 mercatoribus.
1463 4025 1535 4084 quo
1547 4023 1573 4063 aa

259 4098 374 4175 illidii?
396 4098 402 4166 Ι
425 4119 489 4161 runi
505 4119 564 4161 uno
580 4102 694 4162 auditur
710 4102 772 4163 nee
787 4110 846 4162 toto
862 4104 934 4166 orire
950 4104 1081 4184 querela,
1105 4124 1168 4166 esse
1184 4107 1351 4167 liudierus
1365 4111 1414 4186 qui
1430 4107 1537 4169 lucrari

262 4200 332 4261 alios
348 4220 405 4262 nou
421 4202 529 4272 sinant,
558 4205 606 4281 qui
622 4202 674 4262 soli
690 4206 830 4282 negotiari
846 4207 922 4283 apud
945 4215 1058 4267 exteras
1080 4209 1211 4267 stationes
1233 4209 1333 4274 veiint,
1364 4218 1392 4270 el
1413 4211 1536 4288 quadum

264 4304 344 4381 qrursi
367 4305 493 4364 instituta
516 4306 667 4383 tyrannide
689 4306 728 4366 ibi
751 4307 873 4368 emendo
896 4310 1072 4385 piraterium
1086 4328 1202 4377 omues;
1226 4313 1248 4371 si
1264 4329 1322 4370 uon
1338 4313 1449 4388 possint
1463 4330 1537 4389 prrae-

265 4523 385 4586 'l'yanuro
404 4525 533 4588 gregibus
556 4531 584 4575 et
603 4527 714 4577 eumelio
733 4542 813 4591 egros
837 4543 899 4577 suos
922 4529 1109 4595 deposcendos
1134 4532 1290 4596 reliquisse,
1316 4532 1454 4582 Crntctem
1473 4548 1538 4582 uero

265 4607 423 4657 Thebanum
443 4608 514 4658 bonu
531 4624 582 4659 suu
600 4611 628 4659 in
646 4628 720 4662 maro
739 4612 876 4663 abiecisse
895 4614 1009 4664 rettulit.
1040 4615 1082 4664 Cl.
1104 4617 1186 4666 etiem
1200 4618 1281 4681 ltiog.
1296 4618 1389 4666 Luert.
1410 4618 1437 4665 in
1451 4619 1537 4667 Anax.

267 4700 295 4743 et
313 4693 387 4742 Crat.
450 4694 460 4724 ¹³
478 4693 584 4760 Melior]
605 4697 621 4745 i.
637 4698 770 4746 emulor.
