3382 5370
265 324 313 396 80
528 340 593 391 1111.
662 354 800 390 renarra,
836 354 974 389 nracoovo
995 353 1177 390 nrrrnrucro.
1198 336 1285 404 (tt'tt.)

197 524 255 575 §.ra
328 527 500 571 nvrrrrms,
539 507 736 578 Quamobrem
766 525 824 567 non
858 507 1015 568 insolentes
1050 509 1137 586 igitur
1169 508 1234 570 illos
1267 510 1363 587 potius
1395 512 1551 570 excaecarit

263 611 411 690 luppiter?

327 734 478 775 rorrvna.
516 712 661 773 lndnitum
685 711 761 772 idei
790 711 957 781 ridebatur,
986 712 1083 790 itaque
1111 729 1197 773 unam
1226 729 1281 789 pro
1311 712 1409 773 multis
1436 711 1548 780 adlicit,

264 815 328 875 lore
344 822 449 893 putans
471 832 546 874 caeca
571 816 594 875 si
618 832 727 883 essem,
751 822 782 873 ut
805 832 863 874 non
879 830 1070 890 agnoscerem
1086 813 1331 893 quemadmodum
1346 815 1429 892 prins
1443 813 1547 883 bonos,

263 926 292 978 ct
314 916 441 977 ablatum
464 917 498 976 iri
521 934 607 975 omne
630 917 827 994 corruptionis
850 915 1020 976 lomentum.
1557 927 1569 962 ⁵

196 1031 254 1081 iu.
327 1037 500 1080 nvrrcuvs.
538 1018 574 1076 dt
595 1035 653 1076 non
676 1017 758 1077 rideo
780 1017 848 1097 quid
864 1016 1022 1093 profecerit
1038 1017 1094 1076 boc
1110 1016 1229 1077 consilio
1245 1016 1390 1096 luppiter,
1413 1025 1464 1078 aut
1479 1018 1547 1097 quid

265 1122 378 1182 intersit
400 1118 491 1180 malos
514 1119 610 1179 lacere
633 1119 726 1179 bonos
754 1118 797 1178 rel
827 1118 915 1179 beare
945 1118 1109 1196 improbos,
1143 1118 1299 1198 utrobique
1327 1120 1405 1179 euim
1432 1127 1548 1179 auctam

263 1223 435 1301 pravitatem
459 1221 557 1289 rideo,
588 1222 642 1280 uisi
666 1221 759 1300 quod,
789 1222 813 1281 si
835 1219 936 1281 oculos
958 1221 1084 1282 haberes
1105 1228 1137 1281 tu
1160 1228 1189 1281 ct
1210 1220 1295 1282 bonis
1318 1228 1428 1281 tantum
1452 1221 1547 1286 dares,

263 1342 322 1383 non
344 1342 446 1383 omues
469 1323 621 1383 crederem
644 1323 793 1400 corrumpi
816 1321 924 1382 bonos:
952 1321 980 1382 id
1004 1322 1081 1401 quod
1105 1341 1183 1383 nuuc
1205 1323 1242 1384 de
1264 1342 1311 1384 me
1333 1321 1473 1401 polliceor
1497 1323 1548 1383 tibi

264 1426 435 1485 confirmato
457 1426 512 1484 iarn
536 1431 564 1484 et
587 1427 682 1484 rivere
704 1426 814 1486 scienti.
1559 1437 1583 1476 io

328 1547 480 1588 ronrvrrr.
519 1525 603 1596 Quod
627 1546 680 1604 ego
704 1528 816 1595 nescio,
839 1527 938 1588 ridere
961 1527 1038 1587 eninr
1060 1544 1119 1586 non
1141 1525 1208 1587 licet
1223 1525 1316 1606 qualis
1332 1534 1362 1585 tu
1377 1528 1432 1597 sio,
1455 1547 1547 1606 quan·

265 1648 352 1709 quam
375 1631 524 1706 suspicor,
547 1629 570 1688 si
594 1630 689 1690 rivere
712 1630 818 1695 scires,
842 1628 893 1687 ista
915 1647 974 1687 non
998 1635 1123 1706 peteres,

196 1742 258 1793 t-tt.
330 1750 501 1791 nvrrruvs.
540 1730 708 1791 Necessaria
732 1737 800 1790 sunt
821 1747 885 1808 quar
909 1737 991 1808 peto,
1016 1749 1070 1808 ego
1093 1730 1198 1806 dignus
1220 1731 1267 1790 cui
1290 1730 1416 1791 tribuas:
1439 1732 1548 1810 quidsi

264 1840 353 1892 testes
374 1832 469 1892 adsint
490 1834 567 1892 enim
590 1834 639 1913 qni
662 1852 709 1892 me
731 1830 841 1891 bonum
864 1831 914 1891 tibi
937 1834 1045 1911 quique
1068 1833 1172 1892 lortem
1195 1832 1349 1892 adserant?

326 1954 476 1995 ronrvurr.
515 1933 589 2005 Quid
613 1936 637 1994 si
660 1932 698 1995 illi
722 1936 802 2011 prius
825 1934 878 1994 sibi
901 1935 1051 2011 impertire
1074 1932 1182 2013 aliquid
1205 1952 1252 1993 me
1275 1933 1371 1995 volent
1393 1954 1480 2014 quam
1496 1942 1547 1995 aul
1558 1948 1583 1988 1⁵

263 2036 314 2096 tibi
337 2043 387 2096 aut
409 2037 564 2115 cuiquam?
586 2043 649 2096 tum
671 2038 750 2114 ipsos
772 2034 837 2096 illos
860 2043 949 2095 testes
970 2036 1092 2113 prerinde
1114 2055 1148 2095 ac
1170 2043 1198 2096 te
1220 2036 1298 2096 baud
1321 2055 1432 2098 novere
1447 2037 1548 2116 quales

263 2139 338 2197 siut?
360 2145 501 2216 praeterea
526 2137 663 2199 inutiliter
686 2138 891 2199 conuneudant
913 2157 928 2197 a
950 2136 1095 2216 probitate
1117 2157 1148 2198 se
1171 2139 1220 2216 qui
1243 2139 1350 2218 aliquid
1372 2147 1475 2218 petunt
1490 2139 1546 2199 bic.

327 2261 499 2304 rrvrrrnvs.
538 2239 690 2310 Quoruodo
713 2241 754 2300 ais
777 2239 848 2311 boc,
871 2239 944 2299 deal

196 2348 256 2398 §.tt
328 2362 480 2404 ronrvna.
519 2342 591 2412 Quia
620 2343 713 2411 cuim,
744 2343 767 2400 si
796 2361 842 2402 ure
871 2360 978 2402 caecam
1009 2340 1104 2401 adbuc
1127 2341 1197 2402 dare
1220 2341 1304 2402 bonis
1326 2343 1455 2421 luppiter
1478 2362 1547 2403 con·

264 2445 405 2522 spexerit,
429 2443 590 2523 periculum
614 2452 657 2504 est
680 2452 712 2503 ut
733 2462 819 2504 aures
842 2460 958 2522 quoque
981 2441 1083 2503 avellat
1105 2453 1133 2503 et
1155 2463 1259 2505 manus
1275 2453 1306 2504 ut
1320 2453 1450 2523 amputet
1465 2446 1582 2506 mibiao

325 2567 497 2610 nvrrnuvu
536 2546 577 2606 lla
600 2545 656 2606 alio
678 2547 795 2606 nomine
817 2547 914 2622 igitur.

325 2669 476 2710 rourum.
515 2647 651 2708 llaturam
675 2666 770 2727 spera.

326 2770 497 2812 nv‘rrnnvs.
536 2749 609 2819 Quid
633 2751 742 2811 lacieus
769 2752 902 2811 iuterim?

326 2873 477 2914 ron'rvun,
517 2851 600 2922 Otrod
623 2851 706 2921 libet,
730 2851 782 2913 tibi
804 2853 868 2914 dico
891 2855 968 2913 enim
992 2851 1099 2912 nullam
1122 2851 1231 2912 babere
1247 2871 1293 2912 mc
1310 2852 1452 2913 laetorum
1468 2872 1547 2914 meo·

263 2973 328 3015 rum
352 2973 475 3033 usquam
498 2955 657 3021 rationem,
681 2974 776 3034 nequo
800 2955 870 3015 illud
887 2956 1070 3034 perpendere
1086 2956 1154 3034 quid
1171 2959 1319 3014 mereatur
1334 2958 1472 3036 quisque,
1496 2957 1546 3016 sed
1558 2973 1583 3012 er

263 3057 432 3135 dispergere
456 3058 561 3134 passim
585 3056 640 3116 boc
663 3075 679 3114 e
702 3075 811 3124 cornu,
835 3056 913 3135 quod
937 3059 1033 3136 Copiae
1054 3065 1175 3124 necant,
1199 3065 1231 3115 nt
1254 3059 1281 3116 iu
1305 3076 1390 3135 quern
1413 3058 1481 3118 boui
1497 3058 1547 3118 ali-

264 3158 331 3237 quid
356 3157 508 3225 ceciderit,
532 3159 557 3216 is
579 3158 714 3226 ditescat,
738 3160 784 3218 cui
807 3157 877 3218 nibil
900 3159 1065 3227 obvenerit,
1093 3160 1259 3219 necessario
1281 3167 1374 3235 egeat.

196 3267 256 3317 §.tt
330 3281 504 3321 nvrrrnvs.
543 3259 636 3321 l'uuru
661 3259 705 3320 lac
727 3261 830 3336 igitur,
854 3260 970 3340 quaudo
993 3262 1125 3339 proxime
1148 3261 1313 3338 disperges,
1336 3260 1375 3320 ibi
1392 3280 1438 3321 me
1453 3270 1548 3322 statue

264 3381 322 3441 quo
345 3362 440 3422 mittes
462 3361 629 3440 pluriuurnr.

325 3485 476 3525 ronrvna.
514 3463 612 3524 lbiris
635 3471 713 3524 recte
736 3467 860 3525 steteris.
1555 3486 1581 3526 ao

327 3587 497 3629 rrrrrrnva.
536 3565 600 3627 Nou
623 3564 760 3642 intelligo.

325 3690 475 3730 roncore,
515 3667 597 3728 none
632 3689 649 3725 o
673 3666 892 3727 hebetudinem!
926 3667 988 3727 nee
1012 3667 1133 3728 rebitur
1162 3675 1241 3734 rota,
1274 3668 1341 3729 inde
1369 3675 1548 3746 sparguntur

263 3773 404 3832 incertum
428 3768 503 3830 botta
527 3776 556 3829 el
579 3768 669 3829 mala:
693 3767 792 3827 tribuo
815 3769 891 3828 enirn
915 3769 988 3830 mala
1013 3773 1097 3830 ctiam
1115 3790 1184 3848 ego,
1208 3771 1285 3848 quod
1304 3771 1401 3830 ridere
1416 3778 1444 3830 te
1459 3788 1547 3848 opor·

262 3881 317 3943 tet,
347 3892 383 3932 ne
406 3891 510 3932 aterum
534 3877 692 3949 expectans
715 3868 905 3930 calamitatem
929 3873 1068 3950 accipias:
1099 3889 1154 3949 ego
1183 3873 1260 3954 euim
1284 3890 1342 3932 nou
1366 3870 1469 3931 ridebo
1498 3879 1547 3932 aut

261 3978 289 4037 iu
312 3983 340 4035 te
363 3980 412 4035 mu
435 3975 463 4034 in
486 3971 557 4034 alios
579 3971 647 4051 quid
672 3988 808 4031 casurum
831 3974 874 4032 sit.
1555 3989 1581 4030 aa

260 4102 463 4113 ——-——

328 4159 339 4192 ⁴
357 4177 411 4211 nou
429 4163 454 4210 in
472 4159 607 4209 emendati.
622 4162 645 4207 1.
659 4159 830 4208 additament.
849 4162 873 4208 in
887 4163 912 4209 2.
926 4161 996 4210 deert
1008 4163 1115 4211 omnino.
1135 4165 1159 4211 tn
1174 4164 1231 4212 ml.
1246 4163 1346 4224 temtor.
1386 4158 1408 4192 ²⁶
1426 4162 1468 4210 De
1481 4161 1546 4210 For-

261 4251 335 4296 tunio
354 4252 437 4296 cornu
461 4244 548 4308 copim
567 4259 589 4293 s.
602 4243 755 4294 dmoltlreoe
779 4244 816 4294 cf.
835 4246 954 4294 Peneon.
977 4244 1073 4295 IV.30.
1088 4263 1114 4311 p.
1128 4245 1185 4295 355.
1208 4246 1269 4296 Vll.
1277 4245 1318 4295 ed.
1332 4261 1358 4312 p.
1366 4245 1425 4296 592.
1443 4246 1546 4311 Hygiu.

263 4331 320 4383 sub.
334 4331 374 4381 31.
426 4327 448 4361 ³¹
466 4328 537 4393 roto]
556 4328 702 4393 „Soxoque
722 4329 798 4379 illam
822 4326 990 4395 [Fortunam]
1015 4332 1118 4381 instare
1138 4330 1250 4396 globoso
1269 4333 1423 4396 praedicant
1441 4329 1546 4381 volubi-

262 4414 341 4465 lom''.
360 4416 463 4464 Pacuv.
476 4413 493 4463 l.
509 4431 532 4463 c.
551 4414 588 4463 Et
599 4414 700 4463 Annon.
715 4414 801 4479 epigr,
818 4413 873 4464 143.

562 4500 685 4548 Fortuna
701 4514 839 4563 nonquam
857 4500 932 4549 sistit
950 4501 977 4549 in
996 4500 1091 4550 eodem
1109 4506 1193 4561 statu,

561 4585 675 4650 Semper
689 4589 828 4646 moretur,
848 4586 941 4634 variat
960 4591 988 4635 et
1005 4590 1093 4635 mutat
1111 4587 1197 4644 vices,

559 4669 595 4718 ut
613 4685 717 4719 summo
737 4671 765 4720 in
783 4671 866 4719 imum
883 4670 969 4720 vortit
987 4685 1020 4720 ac
1038 4686 1119 4722 versu
1139 4671 1230 4736 erigit.

29 4806 33 4813 ’
89 4834 232 5056 ἱ
