3382 5370
354 361 429 412 Vlll.
499 375 588 411 artam
608 376 630 410 a.
650 376 809 411 eruerctur.
864 377 1002 411 ruauoors
1028 377 1212 412 ara'rruurcrs.
1244 362 1330 427 (tacu.)
1402 348 1473 419 325

253 551 362 593 arana.
400 531 430 592 Si
452 532 488 593 ad
511 532 638 593 Leonem
661 533 825 611 pervenerit
846 532 909 592 haec
932 549 988 592 res.

255 654 427 707 averanus.
464 634 509 694 Tu
532 634 648 714 quidem
672 652 731 693 rrou
753 633 878 704 reform,
904 652 971 693 uam
994 633 1041 693 hio
1064 633 1226 712 vapulando
1248 635 1387 697 interibis.

254 756 363 798 arma.
400 736 487 797 Ferte
509 754 609 815 opem,
634 734 801 805 Christiani,
825 736 905 797 mihi.

254 858 424 901 nannenus.
462 837 526 898 Nou
548 839 676 899 andiunt

255 961 363 1003 sunna.
401 941 486 1020 htqni
508 940 609 1001 audire
631 939 772 1000 solebant.
807 939 876 1019 quial
899 940 954 999 iam
978 958 1061 1018 agam
1084 941 1189 1002 misera
1210 942 1316 1018 igilur?

254 1061 424 1105 urrunnun.
462 1042 524 1102 Hoc
546 1041 624 1120 quod
647 1048 675 1103 te
698 1043 817 1120 clignnm
841 1050 898 1109 ost,
922 1040 1078 1120 vapulabis.

253 1165 361 1206 arnna,
398 1145 505 1223 Ecquis
527 1143 657 1204 cuneum
679 1144 783 1204 anolus
805 1148 863 1212 cst,
886 1150 931 1203 ter
953 1144 1111 1220 sacrilege?
1482 1166 1539 1215 §.ra

253 1267 424 1308 urrrauvs.
462 1246 569 1324 Ecquis
591 1245 666 1307 male
688 1245 819 1313 (licendi,
843 1253 888 1305 tor
912 1245 1055 1305 reuehcal

253 1369 362 1409 sunna.
404 1349 490 1428 :ltapu
518 1346 692 1408 maledicere
722 1354 766 1407 est
793 1347 849 1407 hoc
876 1345 963 1407 bullis
990 1349 1158 1426 proprium,
1197 1349 1307 1427 luitque
1329 1354 1336 1424 Ι
1359 1347 1471 1425 {gffifflgf'

129 1439 134 1453 ⁸
167 1450 241 1511 uon
262 1451 328 1510 iam.

254 1572 424 1615 urrrnnrs.
463 1551 499 1611 Et
520 1550 604 1611 nohis
627 1551 739 1611 emolere
762 1558 806 1612 est
827 1550 898 1619 hoo,
927 1553 1040 1630 eritque
1061 1569 1187 1630 semper.

252 1674 362 1715 nunna.
396 1653 460 1714 Non
484 1662 541 1722 cst,
566 1653 812 1732 qrrenraahuodum
835 1653 974 1714 arhitrata
997 1672 1093 1723 eram,
1125 1652 1273 1732 hospitalis
1301 1654 1471 1714 Gerruauia:

195 1776 257 1817 uam
280 1765 311 1818 tn
333 1774 380 1816 me
402 1756 489 1816 horlie
511 1753 586 1815 nralo
608 1756 724 1832 accipis.

252 1877 424 1921 nrrrnnvs.
463 1857 499 1917 [a
534 1857 650 1936 quidem
679 1857 810 1917 moreris.
859 1864 887 1916 ct
915 1864 945 1916 tn
974 1857 1042 1935 quid
1077 1876 1124 1917 me
1156 1856 1283 1925 laceres,
1317 1858 1340 1916 si
1373 1857 1472 1918 lichno

166 1960 334 2022 hhaberes?

251 2083 360 2123 arnna.
398 2061 536 2139 Magnum
557 2061 701 2139 qrreurlam
724 2063 859 2122 lacerem.

251 2183 422 2226 nvrrnans.
460 2163 526 2223 Scio
549 2169 578 2223 et
605 2163 673 2241 rprrirl
700 2182 798 2224 emere
827 2163 873 2223 hic
903 2181 1003 2240 piures,
1039 2170 1066 2223 et
1095 2180 1169 2240 quos
1196 2161 1328 2222 homines
1356 2163 1539 2223 venalesrm.

192 2284 253 2327 csse
275 2267 383 2343 cupias.

252 2389 361 2430 nunna.
384 2365 454 2427 Tale
467 2367 582 2446 qnirlem
596 2367 631 2426 clo
644 2374 671 2426 te
684 2366 753 2427 nihil
767 2369 872 2445 cogito,
885 2367 936 2427 sed
952 2367 1128 2445 Episcopum
1144 2368 1255 2435 luciam,
1269 2369 1292 2427 si
1304 2385 1351 2426 mo
1367 2370 1470 2427 mittas.

160 2480 184 2521 ²⁰
251 2488 423 2531 rrvr'rnuvs.
461 2470 497 2528 ht
519 2487 614 2546 ucqnc
637 2469 798 2548 Episcopus
820 2487 884 2530 csse
907 2468 983 2537 volo,
1014 2487 1109 2547 neque
1131 2470 1241 2529 rnittam
1265 2468 1333 2528 hinc
1355 2475 1398 2537 te,
1423 2468 1471 2528 uhi

191 2572 343 2651 hospitium
368 2570 457 2631 hahes
480 2578 507 2631 te
530 2571 659 2647 dignum.

251 2694 361 2735 ovans.
395 2672 505 2733 Tamen
528 2673 617 2732 mitte.

251 2794 422 2837 nvrrnnrs.
460 2774 537 2834 Fieri
561 2792 618 2833 riou
642 2782 744 2851 potest.

251 2897 360 2937 sunna.
396 2875 495 2936 h'escis
517 2884 656 2953 (pucrulum
679 2883 707 2935 to
730 2878 757 2936 iu
782 2876 889 2938 rrralum
912 2878 1061 2955 impedias

159 2990 181 3030 ²³
252 2999 423 3040 urrrums.
457 2979 492 3036 ht
513 2983 579 3056 post
602 2976 769 3055 capellimm
793 2978 905 3056 rapula.

249 3101 359 3141 suurn.
398 3079 468 3138 l'olo
491 3080 576 3140 hoalie
600 3098 653 3155 c·g‹r
676 3098 723 3139 me
746 3082 888 3140 extricare
916 3081 968 3140 alis
997 3087 1041 3149 to,
1075 3084 1129 3142 uisi
1157 3080 1234 3141 nulla
1265 3089 1332 3142 sum
1361 3081 1537 3161 altinonam.

189 3183 291 3243 auxilia
314 3200 380 3260 qnae
402 3183 527 3242 secunda
550 3181 620 3241 mihi
643 3182 748 3241 iaciant
770 3181 908 3242 adversus
931 3188 958 3241 te
981 3182 1065 3242 talem
1088 3184 1246 3244 inimicum.

249 3305 421 3345 nvrrnuvs.
459 3282 542 3344 Nulla
564 3290 640 3343 suirt.

251 3407 360 3447 avum.
399 3387 469 3457 Quis
491 3387 560 3454 scit,
584 3384 635 3445 uhi
657 3386 735 3444 serio
758 3385 833 3444 hauc
849 3404 911 3444 rem
927 3403 1014 3460 agere
1031 3404 1162 3462 rapturo,
1187 3395 1215 3447 ot
1232 3388 1347 3464 praunua
1364 3387 1470 3465 quihus

156 3494 358 3547 ³⁰moveauhu
380 3486 528 3557 horiones,
552 3487 753 3566 proposuero}l

250 3609 420 3649 nv'rramvs
459 3588 567 3667 l'apula
590 3591 676 3665 igitur
701 3591 786 3649 serio.

249 3711 358 3751 ovum.
398 3689 440 3751 llii
463 3700 491 3752 te
519 3693 656 3770 perdant,
685 3691 839 3769 flagitium,
869 3690 1031 3769 perditione
1053 3691 1173 3750 misera!
1211 3699 1297 3769 aitque¹
1325 3692 1374 3751 uhi
1402 3700 1468 3751 sum

187 3794 315 3853 sexcenti
338 3794 433 3852 statim
457 3793 615 3861 Curtisaui,
650 3795 698 3871 urii
721 3793 966 3871 comprehensum
993 3792 1071 3853 huuc
1094 3792 1216 3852 llomam
1245 3793 1312 3855 hino
1334 3788 1341 3860 Ι
1363 3792 1470 3869 „mill”

186 3895 358 3971 protrahant
380 3895 526 3954 cinctum?

155 4004 179 4045 ῦὸ
249 4015 420 4058 uv‘rruuvs.
458 3996 511 4056 Hir.
533 4003 600 4057 snut
622 4006 766 4058 sexcenta
790 3997 896 4076 plagae,
919 4016 983 4076 qrrau
1006 4005 1033 4057 tc
1050 4000 1200 4077 «pallescere
1216 4000 1335 4059 luriunt:
1359 4000 1467 4076 accipe.

249 4118 357 4157 numm.
394 4098 499 4176 lurpie,
522 4097 676 4166 scelerate,
701 4100 822 4177 perclitc.

249 4220 420 4260 racusanus.
458 4201 573 4277 Accipe.

248 4321 357 4360 aruns.
396 4300 502 4378 Ecrpris
524 4301 611 4362 audet
634 4302 774 4362 lrcnelicio
798 4304 943 4363 cleruercri
964 4305 1092 4366 Leonem
1115 4305 1260 4365 decimum
1283 4303 1356 4364 sihil

248 4422 419 4463 uvrrnnvs.
459 4402 560 4462 Nrrllus
582 4405 683 4471 ululet:
712 4407 761 4483 qui
783 4413 811 4465 te
834 4406 957 4475 raedam,
987 4426 1055 4467 ecce
1077 4426 1124 4467 me
1147 4407 1205 4468 tihi.
1476 4448 1535 4497 Μὴ

252 4605 262 4636 ⁷
281 4605 506 4672 sacrilegissime.
522 4608 611 4657 l'luut.
627 4608 694 4658 llud.
710 4610 761 4659 Ill.
776 4610 800 4669 l,
816 4618 836 4659 t.
894 4608 915 4641 ²¹
935 4610 977 4660 ef.
993 4610 1051 4660 cie.
1067 4610 1168 4662 addin.
1183 4613 1229 4662 lx.
1247 4611 1283 4663 tt).
1336 4610 1357 4642 ²²
1376 4611 1466 4662 l'luut.

185 4690 230 4739 hs.
244 4691 271 4740 11
293 4692 317 4751 -l,
331 4700 365 4740 stt.
418 4690 599 4758 ”ceperoh
