3382 5370
628 1278 864 1355 MONITOR
904 1278 1173 1357 SECVNDVS

674 1434 857 1496 unmcvs
880 1434 1120 1496 uvruanrcvs.

527 1652 777 1733 intentoquutores
798 1663 965 1714 MONITOR
987 1662 1016 1715 et
1037 1661 1265 1714 FRANCISCVS.

185 1833 239 1883 ¹tt
322 1843 471 1886 uourron.
509 1824 609 1904 Nuper
631 1826 706 1885 idem
731 1824 886 1893 faciebam,
910 1825 960 1884 scd
983 1826 1071 1884 arrimi
1094 1842 1211 1890 caussa,
1236 1842 1313 1884 numo
1337 1825 1365 1885 in
1388 1843 1421 1883 re
1437 1842 1539 1885 neces·

258 1926 332 1984 saria
360 1932 397 1985 ut
422 1927 697 1994 commonefaciam,
731 1928 862 1986 accessi:
900 1945 997 2006 neque
1025 1929 1102 1986 euim
1133 1926 1170 1986 ab
1198 1927 1268 1986 inita
1295 1928 1423 2006 primum
1454 1926 1561 1990 nobiss

257 2027 380 2088 amicitia
404 2044 506 2106 passus
528 2046 606 2098 sum,
629 2037 769 2107 quantum
793 2031 820 2089 in
844 2049 891 2089 me
914 2030 980 2096 suit,
1005 2029 1247 2089 existimationem
1269 2027 1403 2087 laborare
1426 2036 1516 2088 tunm.

319 2149 519 2192 rnuucrscvs.
557 2130 650 2203 oront?
677 2129 724 2191 iiia
753 2133 829 2192 enim
860 2130 992 2191 laborati
1019 2137 1069 2191 out
1096 2129 1164 2209 quid
1188 2137 1246 2189 tam
1271 2131 1435 2189 uer-emano
1459 2148 1538 2189 com·

257 2231 406 2291 movebis?

319 2354 469 2396 nourron.
507 2333 591 2393 Certo
622 2334 754 2412 proiecto
783 2334 909 2401 laborat,
945 2341 1032 2414 atque
1061 2335 1148 2412 igitur
1176 2334 1396 2412 permoniturus
1423 2333 1537 2408 adsum,

255 2433 332 2495 hanc
357 2453 393 2495 ne
420 2444 452 2497 tu
479 2435 624 2514 negligas:
658 2436 714 2496 iam
743 2434 854 2515 aliquot
882 2454 997 2497 menses
1023 2438 1100 2496 enim
1128 2444 1195 2496 sum
1223 2435 1300 2514 quod
1330 2436 1438 2513 passim
1462 2433 1573 2498 meiero

255 2537 347 2597 audis.

317 2658 515 2701 rnaucrscvs.
553 2639 614 2718 Ego
637 2638 711 2700 maie
733 2659 818 2709 vero,
842 2641 887 2701 dic
910 2640 960 2701 uid
983 2647 1095 2706 autem,
1121 2647 1150 2699 et
1172 2657 1259 2719 quam
1282 2638 1320 2698 ob
1343 2639 1493 2699 cerussam?

202 2740 361 2818 ttmss‘ffffl'
388 2737 395 2806 Ι
459 2761 608 2803 uonrron.
646 2742 678 2802 lu
711 2744 765 2802 isto
800 2744 926 2802 maximo
958 2741 1095 2809 concilio.
1132 2740 1169 2801 ob
1197 2742 1344 2801 hereseos
1371 2761 1536 2802 rumorem:

255 2845 335 2905 aiunt
356 2845 433 2903 enim
449 2843 569 2904 Lutireri
591 2846 716 2922 partium
740 2862 802 2903 esse
826 2851 863 2912 te,
887 2852 915 2903 et
937 2845 1022 2904 istum
1046 2843 1145 2902 fovere
1161 2843 1238 2904 domi
1255 2843 1423 2914 Eudemum
1446 2846 1555 2911 maris

253 2942 402 3030 {5:222'1‘9*
425 2950 433 3021 Ι
455 2964 568 3006 morum
599 2945 753 3025 aliquando
782 2945 925 3006 malorum
954 2963 1086 3005 caussam
1110 2946 1249 3006 iuturum.
1295 2946 1452 3022 quinetiam
1481 2946 1535 3006 im·
1549 2976 1571 3013 1⁵

254 3055 352 3124 petum
375 3049 455 3106 aiunt
477 3048 599 3125 cupisse
621 3055 649 3108 tc
672 3047 793 3124 eogendi
816 3049 844 3106 iu
875 3047 1007 3108 ordinem
1035 3048 1201 3107 sacerdotes
1231 3055 1260 3107 ct
1289 3048 1455 3125 episcopos,
1485 3066 1537 3108 ue·

254 3167 311 3227 que
333 3151 428 3208 vereri
444 3149 549 3208 Leonis
572 3157 672 3210 contra
696 3148 821 3216 tonitam,
845 3156 874 3210 ct
895 3157 938 3208 tot
960 3151 1092 3228 priorum
1107 3149 1279 3209 Pontificum
1296 3150 1474 3215 sanctiones.
1499 3167 1536 3209 ue

253 3252 299 3311 cui
323 3249 408 3310 liceat
430 3249 590 3312 reclamare
611 3251 810 3312 Romanorum
835 3252 1040 3330 episcoporum
1063 3251 1189 3330 placitis,
1213 3259 1472 3330 ‹piranturncunquc
1495 3253 1535 3310 vi-

253 3353 377 3413 deantur
399 3352 496 3431 iniqua
520 3355 614 3413 etiam.

197 3463 241 3513 §.t
313 3474 512 3518 rnascrscvs.
549 3456 651 3535 Neque
672 3464 768 3516 tamen
791 3456 888 3523 video,
913 3455 1072 3516 istiusmodi
1088 3455 1216 3515 onmium
1233 3456 1367 3516 conscius
1381 3457 1461 3523 mihi.
1478 3475 1570 3525 carru

250 3556 430 3634 mmm&
452 3560 459 3629 Ι
483 3556 604 3618 debeam
627 3559 738 3619 traduci
762 3556 864 3634 vuigo;
894 3565 982 3636 atque
1003 3560 1040 3618 ita
1065 3576 1170 3617 censeo
1193 3565 1293 3617 contra
1317 3558 1465 3617 sordidam
1488 3578 1533 3618 sa·

251 3660 401 3720 cerdotrun
425 3659 648 3719 deminutionem
672 3661 781 3738 optimo
804 3661 909 3739 cuique
931 3667 1049 3720 strenue
1072 3659 1279 3720 obluctandum
1303 3677 1367 3719 esse
1389 3660 1445 3719 hoc
1460 3669 1534 3721 tern-

251 3777 349 3814 tunoruu.
372 3779 379 3850 p
402 3780 474 3839 pore
488 3763 614 3840 totisque
630 3764 697 3840 iugo
713 3764 758 3822 isti
782 3761 891 3822 viribus
913 3763 1142 3841 pertinacissime
1164 3761 1368 3822 resistendum.
1404 3762 1533 3822 Luthcro

250 3872 348 3923 autem
371 3864 468 3924 sarcre
495 3882 560 3942 quae
583 3862 667 3940 culpa
691 3871 749 3933 cst,
779 3864 959 3939 evangelium
989 3864 1157 3943 praedicanti
1186 3872 1215 3922 ot
1242 3884 1257 3923 a
1281 3861 1534 3940 periculosissimis

251 3981 348 4020 romnus.
372 3969 379 4040 Ι
403 3966 554 4027 erroribus
576 3965 725 4025 hominum
749 3967 942 4026 conscientias
963 3966 1140 4026 rimiirantii
1163 3983 1229 4024 iram
1245 3964 1403 4026 iiuttcuum
1427 3984 1481 4043 pro
1498 3968 1532 4026 iis
1542 3996 1568 4033 zv.

249 4087 314 4147 quae
329 4069 458 4146 scripsit.
482 4067 611 4126 nondum
635 4067 720 4127 audio
744 4086 837 4146 uoquc
860 4076 1027 4129 accusatum
1050 4086 1229 4146 equoquam
1245 4085 1339 4145 neque
1356 4067 1529 4128 cnudeuura·

249 4178 320 4230 tum.
365 4170 468 4249 quodsi
490 4169 618 4229 Luthero
646 4187 776 4229 caussam
805 4170 903 4231 dicere
931 4171 1100 4249 permittant
1127 4170 1188 4236 isti,
1219 4168 1282 4227 iore
1305 4175 1389 4246 'tutas
1411 4177 1443 4228 ut
1465 4169 1531 4229 tritis

250 4271 363 4350 iegibus
385 4272 517 4332 damnari
539 4272 648 4349 possiti

195 4372 390 4460 §.tfgssi‘ss‘gffssp
455 4393 603 4434 nourrou.
641 4373 689 4433 isti
713 4373 829 4452 qrridcru
854 4392 939 4452 posse
961 4381 1077 4452 prutant,
1108 4391 1212 4450 nempe
1235 4373 1327 4432 sacris
1355 4374 1525 4448 pontificum

244 4474 451 4535 secretionibus.
1537 4502 1563 4541 no

249 4609 445 4619 ——-—-

312 4676 322 4710 ⁴
341 4693 439 4728 coussu
459 4694 529 4728 nrum
550 4683 573 4728 1.
625 4678 635 4709 ⁹
655 4678 689 4727 ud
708 4679 850 4728 sumthuuc
871 4683 893 4728 1.
