3382 5370
335 348 410 400 VIII.
480 365 792 401 avtuaa.nvna1c1oa.
846 366 1185 402 ntatoovsuvrreutcvs.
1221 350 1307 417 (tneo.)
1387 336 1459 409 319

243 538 414 581 averanus.
454 519 504 580 Dic
526 537 595 596 age,
620 520 679 589 dic,
704 522 804 598 impia,
830 539 930 581 rerum
952 519 1030 599 loqui
1054 530 1097 581 ost
1119 523 1247 583 insania?
1363 538 1371 608 q
1402 521 1408 538 '
1444 589 1449 599 .

243 641 353 683 aranu.
392 621 424 682 iu
447 621 510 682 loeo
533 633 593 692 est,
617 622 733 700 quaudo
755 623 882 682 iniussus
904 619 1033 700 loquitur
1055 625 1134 701 quis,
1168 625 1244 703 aqud
1267 645 1317 686 eos
1340 627 1389 705 qui
1411 645 1461 687 au·

184 722 246 783 titre
268 723 375 792 nolint,
399 725 428 784 in
450 742 482 784 re
505 725 659 795 ttutdiosa,
683 732 714 785 ut
736 724 783 785 iiie
805 725 854 785 diu
877 725 943 785 iam.
990 724 1026 784 de
1048 743 1106 803 quo
1128 728 1152 786 si
1173 728 1265 804 sapis,
1288 728 1406 806 quiesce
1422 736 1461 789 tu.

243 846 414 888 currusve.
452 826 494 887 ue
516 827 645 887 Lutitero
673 828 825 905 quiescere
854 827 975 887 forsitan
1002 829 1125 906 possim,
1160 828 1195 887 de
1224 827 1357 890 libertate
1384 829 1462 890 haud

158 928 228 987 atta.
266 946 352 1006 quam
377 946 430 988 cur
452 946 522 989 ausa
551 948 582 989 es
610 928 717 991 vioiare
747 947 834 990 uranu
862 929 1022 1007 sacrilegat
1056 948 1109 990 cur
1136 949 1204 991 ausa
1234 932 1283 991 esf
1315 933 1371 992 iarn
1399 931 1528 993 naono.

182 1029 250 1089 milri
273 1029 466 1107 expostulatio
488 1037 583 1091 tecum
606 1038 683 1092 esto:
714 1031 782 1109 quid
810 1031 862 1092 tihi
890 1050 957 1092 cum
979 1030 1112 1093 libertate
1135 1033 1313 1103 Germaniae,
1342 1041 1373 1094 ut
1400 1053 1460 1094 ma·

182 1149 236 1190 uus
258 1131 326 1194 ituie
349 1133 476 1193 iniicias‘?
499 1133 583 1211 quid.
607 1134 743 1212 iuquam?

244 1254 353 1296 avana.
391 1234 453 1295 Hoc
475 1237 568 1303 euim,
592 1235 669 1314 quod
693 1253 759 1296 euru
783 1254 835 1296 suo
859 1236 963 1313 cuique
985 1237 1139 1313 mancipio.

241 1357 415 1398 averanus.
453 1336 543 1415 Igitur
566 1338 743 1417 mancipium
765 1346 809 1398 est
832 1337 964 1399 Libertas
986 1345 1085 1398 rttrstra
1110 1333 1232 1405 tuutnfi
1255 1336 1461 1424 ffiffiqqss‘ffiffl?

154 1447 239 1507 nest,
263 1439 404 1517 pessirua?

243 1562 354 1603 sunan.
391 1541 440 1602 Sic
462 1559 531 1602 vero
554 1542 695 1602 existimo.

244 1664 416 1706 uvrrnnve.
455 1643 498 1703 Iiii
521 1651 549 1704 te
572 1644 710 1721 perdant,
734 1662 862 1714 vaesana,
887 1663 1005 1705 vaecors.

243 1766 354 1808 avana,
391 1746 435 1806 uti
457 1753 485 1806 te
509 1746 673 1815 eradicent,
697 1746 820 1814 furiose,
844 1747 976 1816 fanatice,
1000 1764 1103 1808 ausum
1127 1748 1217 1808 sacris
1238 1746 1304 1807 bul·
1326 1741 1334 1812 Ι
1355 1745 1464 1823 ww·

184 1848 217 1908 iis
238 1848 429 1916 maledicere,
453 1848 530 1926 quod
554 1856 620 1909 aute
643 1867 738 1909 nemo.

156 1965 176 2005 ι’)
246 1970 418 2013 maranus.
456 1950 598 2027 Expecta:
622 1953 677 2011 iam
700 1950 775 2010 maio
798 1952 929 2012 tractabo
951 1953 1045 2011 ctiam.

246 2074 355 2115 avuta.
393 2053 437 2113 Tu
460 2071 507 2113 me
529 2055 625 2113 mittes
648 2071 733 2122 rero,
767 2057 790 2113 si
817 2061 896 2113 recte
925 2052 1027 2113 facias:
1061 2072 1127 2113 uam
1156 2053 1179 2112 si
1207 2055 1383 2130 pertinacius
1410 2053 1532 2114 oio-iffi·

185 2157 286 2216 sistere
308 2155 378 2216 mihi
401 2155 581 2224 circumcide,
606 2156 671 2216 faxo
695 2157 817 2235 possitue
840 2156 868 2214 iu
891 2155 1020 2216 medium
1043 2154 1128 2216 hodie
1151 2157 1344 2233 qrroeesseris;
1368 2158 1464 2235 itaque

184 2258 259 2318 siuas
282 2257 349 2318 irinc
372 2257 453 2318 abire
474 2276 530 2317 me.

246 2381 418 2421 uvrruuvs.
455 2359 520 2419 Nou
543 2361 622 2419 sino:
646 2378 711 2419 uam
735 2378 793 2438 quo
815 2359 902 2419 abitio
926 2360 974 2419 tibi
998 2360 1059 2419 est?

155 2476 179 2515 w
249 2483 358 2523 avaut.
396 2462 480 2524 Unde
502 2462 630 2540 predam
653 2463 769 2522 auferre
792 2461 876 2521 decet
897 2480 956 2529 ure,
980 2470 1009 2522 et
1030 2463 1218 2540 triumphum.

247 2583 419 2626 numanus.
457 2563 542 2623 Prius
575 2564 629 2624 suh
663 2566 762 2640 iugum
797 2565 908 2624 mittam
937 2563 999 2624 itio:
1034 2566 1104 2624 tanti
1138 2563 1185 2624 iile
1218 2564 1269 2624 tibi
1303 2565 1465 2625 constiterit

185 2666 358 2745 triumphus.

247 2790 357 2831 arnna.
395 2769 488 2838 Mitte,
517 2771 649 2848 iuquam,
673 2788 735 2838 nte,
766 2787 823 2828 trou
846 2768 900 2830 suia
924 2770 1038 2846 iugum,
1068 2768 1119 2829 sed
1146 2770 1174 2828 iu
1197 2769 1367 2833 Saxoniam:
1397 2788 1464 2830 uam

186 2871 254 2949 quid
276 2871 329 2932 tihi
351 2890 466 2932 mecum
489 2877 548 2940 cst,
570 2870 729 2948 sacrilege?

139 2985 179 3026 ’τὸ
248 2994 421 3036 uvrruuvs.
461 2972 535 3044 Ouid
557 2972 610 3032 tibi
633 2992 699 3034 eum
723 2973 957 3042 Certumnest,
982 2974 1155 3053 perfidiose?
1360 2973 1464 3050 &tm

248 3095 358 3136 avuta,
396 3075 491 3144 Quid?
513 3077 595 3153 quasi
617 3094 685 3135 roro
708 3094 815 3136 uorum
838 3076 872 3134 sit
896 3077 1042 3152 negociari
1065 3077 1111 3137 hie
1133 3075 1236 3136 buifas.
1474 3080 1533 3129 §⁵¹⁰-

247 3198 420 3238 uvrreuva.
459 3177 547 3237 Vetus
570 3185 627 3245 ost,
657 3177 762 3243 fateor,
791 3176 841 3236 sed
866 3180 1004 3237 retttstius
1026 3179 1121 3238 adiruc
1144 3177 1234 3238 multo
1256 3177 1357 3238 abesse
1381 3177 1462 3244 iiiito:

187 3286 272 3359 atque
294 3281 381 3355 igitur
404 3288 547 3341 vetustum
570 3280 647 3359 quod
671 3278 762 3355 magis
785 3287 847 3344 est.
870 3297 1036 3357 sequemur.

248 3403 357 3443 avuta.
395 3383 437 3441 du
461 3399 518 3440 uou
542 3383 584 3442 fas
607 3389 649 3441 est
671 3381 803 3440 Pontifici
825 3379 956 3439 Romano
982 3382 1097 3441 mittere
1127 3381 1184 3441 into
1213 3391 1362 3442 creaturas
1389 3390 1534 3447 suaet-n.

157 3490 219 3541 aont
242 3483 323 3543 rolris
346 3484 508 3561 imperent?

249 3605 421 3648 uvrreuvs.
459 3584 613 3654 Quomodo
636 3604 699 3645 esse
722 3587 837 3662 posset?

250 3708 358 3749 avana.
396 3687 514 3747 Nescis?
537 3707 571 3747 ox
588 3706 634 3747 me
650 3687 757 3746 disces:
776 3686 932 3765 {inperium
947 3686 1110 3747 Itotuauuut
1126 3685 1270 3747 detieruut
1290 3698 1298 3767 Ι
1320 3685 1466 3763 lfflfgqffqffit

188 3790 267 3850 robis
283 3789 438 3849 Pontifices
452 3788 591 3857 Romani:
615 3789 653 3848 ob
676 3788 731 3848 tale
755 3806 839 3847 sutuu
863 3790 998 3849 meritum
1021 3808 1037 3847 a
1060 3787 1141 3848 robis
1163 3789 1296 3866 exigunt,
1318 3798 1351 3849 ut
1372 3789 1465 3849 Iruiias

190 3890 287 3951 feratis
309 3892 356 3952 hie
379 3900 406 3950 et
429 3890 538 3969 legatos
561 3899 588 3950 ot
612 3892 762 3951 honestam
785 3891 1005 3950 Curtisauorum
1028 3892 1266 3968 negociationem.

158 4007 180 4047 τι
251 4014 423 4054 rturrauvs.
461 3993 521 4053 Nec
537 3994 697 4070 Epicureos
711 3994 777 4052 taiia
795 3991 958 4053 iaiudautes
974 3991 1081 4052 audiuit
1098 3993 1261 4071 antiquitas.
1299 3999 1378 4053 reete
1400 4011 1466 4071 per·

189 4097 302 4156 suasisti
317 4113 376 4154 uon
392 4114 454 4155 esse
469 4096 583 4155 ittanom
600 4103 642 4163 te;
661 4113 725 4153 nom
742 4112 820 4154 nunc
835 4094 940 4154 rideris
956 4095 1025 4154 milti
1042 4113 1183 4168 truqarum
1196 4113 1259 4154 osse
1271 4091 1465 4156 refertissima.

251 4217 360 4258 avenn.
399 4197 460 4274 Ego
483 4197 627 4275 tutandam
651 4215 714 4256 stuu
738 4197 943 4274 Cornucopia,
968 4194 1017 4255 ubi
1040 4197 1113 4256 inest
1135 4197 1213 4275 quod
1228 4195 1302 4256 roio.
1320 4191 1327 4262 Ι
1342 4195 1534 4282 mutunus.

253 4318 412 4360 iuuencae.
452 4298 557 4358 foranu
582 4299 658 4366 dicit,
692 4298 836 4376 quoddam
866 4300 946 4377 qnasi
978 4315 1070 4358 cornu
1098 4306 1141 4357 est
1167 4298 1250 4358 malae
1279 4301 1383 4378 copiae.
1417 4300 1466 4361 uiri

192 4401 248 4461 doii
283 4404 394 4469 insunt,
429 4400 556 4464 tecimn,
588 4399 720 4465 fraudes,
756 4401 878 4464 effutire,
913 4399 1027 4463 sutelae,
1065 4401 1273 4479 syooptnutte,
1307 4402 1466 4470 mendacia,

160 4503 266 4569 tritici.
290 4503 416 4567 astutio,
441 4502 583 4579 perfidiae,
607 4501 734 4569 scelera,
758 4502 840 4562 nuda·
863 4508 954 4569 at·tos;
977 4501 1022 4561 itis
1044 4503 1150 4562 reiecta
1174 4511 1225 4561 est.

192 4602 392 4613 u-—-.-.-..-.-a

260 4637 540 4702 ¹³³⁴'l'erottfqruariue
575 4636 775 4702 ³²(3t.p.80,ro.
812 4636 1350 4702 ³⁹Cs.Pntti.Dine‚vv.Offudos,Sufefw.
1393 4638 1469 4690 ⁴⁰tet·-

192 4728 233 4775 fce
248 4721 293 4772 fin·
308 4727 330 4771 i.
345 4725 385 4773 sie
398 4729 422 4773 2.
