3382 5370
207 315 281 386 568
651 344 767 378 minuunt
787 344 1055 377 Pnavnortt'rrnutci.

270 505 397 561 Pietas.
435 503 539 559 Stultos
567 503 690 576 qriidem.
720 502 765 557 serl
796 501 903 559 minime
930 501 1149 576 superstitiosus.
1179 509 1206 555 et
1235 503 1279 576 qni
1310 502 1410 557 ellieiis
1435 503 1498 557 suis

208 591 295 645 lietam
318 589 492 645 ostenderent
514 588 696 650 sanctitatem,
719 595 849 643 caeterum
872 587 962 642 animo
984 594 1012 642 ot
1034 585 1127 641 Milesii
1150 594 1178 641 et
1200 586 1381 661 Sardanapali.

271 675 500 748 Superstitio.
537 673 618 746 :ltqni
641 673 714 728 vides
736 690 778 728 me
801 671 973 745 pt'oevttlttlsstt
996 671 1062 727 meis
1084 671 1173 744 ungis.

154 763 200 810 §.t
275 759 399 814 Pietas.
436 758 466 813 Et
489 758 607 814 eessaliis
629 758 720 816 etiam.

270 842 501 917 Superstitio.
536 843 568 899 Ut
589 841 656 904 dixi,
679 843 730 897 hoe
753 858 805 896 non
829 841 882 896 liet.

273 928 402 984 Pietas.
440 928 495 1000 Ego
519 936 545 983 te
567 928 684 1002 perdam.

271 1013 504 1086 Superstitio.
542 1014 574 1067 llt
597 1030 648 1085 ogo
671 1011 880 1066 llolrenstratum
905 1009 1036 1085 imploro,
1060 1011 1268 1085 Superstitionis
1291 1019 1441 1084 parentem.

271 1098 394 1153 l'ietas.
429 1096 500 1153 lllam
524 1097 608 1152 totins
631 1097 703 1152 orliis
726 1104 827 1169 pestem
850 1105 878 1151 et
900 1096 1083 1151 studiosorum
1107 1096 1287 1152 ilanionium?

272 1182 505 1256 Superstitio.
544 1180 607 1237 Eum
630 1183 717 1255 ipsum
740 1180 877 1236 dentatum
901 1181 1044 1254 gryphum.

272 1268 392 1323 Pietas.
430 1270 464 1321 llt
486 1284 537 1338 ego
552 1267 683 1322 Caesarem
705 1264 812 1339 appollo
828 1275 855 1321 et
871 1265 1019 1321 Germaniae
1034 1283 1162 1340 proceres
1177 1274 1205 1321 et
1220 1265 1367 1321 Germanos
1383 1284 1494 1328 omnes,
1508 1275 1533 1313 ¹⁰

208 1353 341 1425 gerininos
365 1360 394 1408 nt
418 1351 455 1406 illi
478 1359 619 1408 conterant
642 1351 814 1423 linguamque
837 1351 991 1424 praeiilant.

272 1436 507 1510 Superstitio.
545 1435 576 1491 Et
599 1436 709 1509 praecisa
732 1434 823 1507 lingua
848 1434 988 1491 balbutiet.

272 1522 397 1577 Pietas.
436 1523 498 1576 Tam
521 1538 631 1576 severus
653 1521 712 1576 est?

154 1614 198 1662 §.a
272 1607 506 1679 Superstitio.
544 1605 781 1660 Truculeetissima
804 1605 899 1660 bestia.
937 1605 1006 1677 quoil
1030 1604 1052 1659 si
1076 1604 1133 1660 sola
1157 1622 1209 1660 non
1233 1605 1385 1666 sullmerit,
1410 1605 1496 1662 Leuni

209 1690 283 1746 illum
307 1690 353 1746 tilii
377 1692 493 1764 oppeilet
516 1691 547 1746 ail
571 1690 779 1746 maledicendum
804 1690 989 1745 tautuuunoilo
1013 1698 1116 1750 notoni.
1141 1699 1168 1745 et
1189 1689 1255 1745 alias
1280 1689 1319 1745 lus
1342 1688 1418 1745 mille
1442 1691 1532 1764 hym

207 1777 269 1831 ‹lras
293 1793 359 1848 quas
381 1777 467 1837 lovel,
491 1775 590 1849 quilius
613 1776 634 1828 si
659 1793 740 1830 unum
763 1775 905 1830 reseiileris
927 1784 1024 1848 capent,
1047 1775 1138 1831 oecon
1162 1774 1336 1848 repullulent.

270 1860 393 1916 l’ietas.
431 1860 480 1927 uui
504 1870 567 1915 sunt
589 1859 645 1914 illi?

271 1945 502 2018 Superstitio.
540 1945 659 2017 llagistri
683 1944 768 1999 nostri
791 1945 824 2000 ile
847 1944 973 2005 Colonia.
998 1944 1190 2017 Tlieologistae.

272 2030 394 2085 l’ietas.
431 2029 464 2086 Ut
479 2029 571 2092 rideo,
595 2029 668 2084 nulla
690 2028 741 2084 alia
763 2047 856 2086 caussa
879 2039 934 2091 ost.
958 2048 1007 2084 our
1029 2029 1103 2103 impii
1127 2027 1204 2084 multi
1220 2030 1287 2092 sint,
1311 2047 1393 2103 quam
1410 2030 1495 2086 laelio

211 2114 455 2186 'llreologistaruuu
689 2109 693 2114 ¹
1504 2125 1530 2164 m

154 2208 199 2257 §.u
274 2200 502 2272 Superstitio.
538 2199 626 2273 Prope
648 2198 736 2255 «lirina
759 2200 863 2257 fueras:
887 2199 931 2254 soll
956 2199 1040 2254 refert
1062 2217 1132 2273 quos
1154 2198 1220 2253 velis
1243 2198 1408 2272 Theologos,
1432 2198 1495 2256 lite·

208 2283 278 2338 ralrs
302 2283 376 2345 illus.
399 2302 431 2339 au
456 2284 606 2357 sopliistas,
630 2284 798 2344 l'lromistas.
822 2282 1003 2342 Scotorellos.
1026 2282 1201 2345 Alliertistas,
1230 2283 1412 2346 llarsilianos,
1440 2285 1495 2341 tte·

207 2369 340 2428 caristus.
364 2370 506 2432 Eerianos,
529 2369 680 2439 llgiiliauos.

270 2453 400 2508 Pietas.
437 2453 504 2521 Quin
528 2453 579 2509 lroe
601 2455 699 2509 audio?
723 2470 788 2525 ergo
811 2454 912 2508 ‹livisus
935 2463 977 2508 est
999 2453 1138 2508 Cliristus‘?

272 2538 504 2611 Superstitio.
542 2538 645 2593 llirisus
668 2537 754 2611 plano.
1504 2549 1529 2588 aa

272 2623 399 2678 Pietas.
437 2624 501 2690 Quat
524 2640 591 2695 ergo
614 2623 699 2694 iringis
722 2621 873 2694 Tlieologi'?

271 2707 500 2781 Superstitio.
538 2708 611 2774 lluos
640 2707 735 2762 ultimo
763 2708 902 2769 recensui,
933 2706 983 2761 lior:
1011 2708 1150 2763 liominum
1179 2726 1264 2781 genus
1295 2708 1368 2781 quod
1391 2711 1495 2783 passim

207 2792 386 2848 calumniatur
408 2791 505 2847 oiimia.

154 2886 199 2935 ln.
274 2877 398 2932 Pietas.
437 2876 532 2932 laeteri
555 2893 621 2948 ergo
645 2894 737 2949 parum
761 2875 908 2948 Tlieologi?

270 2961 500 3034 Superstitio.
538 2961 591 3015 luto
615 2960 800 3033 rie-'llieologi
825 2961 946 3034 rpiiilem.
971 2963 1016 3017 soil
1039 2963 1218 3030 parauinratioi.
1243 2962 1374 3024 litorales.
1406 2971 1529 3038 atquem

207 3064 237 3102 ea
260 3054 364 3101 tautum
388 3055 533 3102 tractantes
556 3063 616 3119 qum
639 3046 670 3100 all
694 3045 820 3119 pietatem
836 3054 973 3119 spectent.
997 3055 1124 3102 cautinum
1140 3047 1248 3103 aculeos
1265 3050 1450 3122 ‹pirrstiomnu
1466 3059 1494 3104 et

208 3131 334 3204 ipiioquitl
356 3139 398 3187 est
421 3130 657 3204 syllogismorum.
680 3131 732 3186 lioe
754 3131 958 3202 magnanimiter
979 3140 1163 3187 contemnunt.

271 3215 395 3271 l’iotas.
434 3215 488 3271 llos
510 3233 561 3289 ego
585 3215 761 3289 praetulerim.

272 3301 504 3374 Superstitio.
542 3301 627 3356 llrerlo
650 3300 782 3374 equidem.

271 3386 399 3442 Pietas.
437 3385 531 3441 Catari
555 3403 617 3442 vero
640 3385 703 3460 quin
726 3386 843 3442 elocent?
1506 3403 1534 3441 as

154 3485 201 3535 ps,
274 3471 511 3544 Superstitio.
549 3470 748 3544 Entliymemata
772 3480 883 3526 uertunt
910 3481 938 3526 et
964 3471 1148 3532 irulurtiones.
1179 3489 1232 3526 uon
1261 3471 1354 3544 «pinales
1386 3483 1497 3529 veteres

207 3552 244 3608 illi
269 3556 399 3629 sophistae
423 3556 560 3616 rhetores,
584 3556 630 3611 soil
653 3556 744 3611 nescio
767 3575 833 3628 (piros
856 3554 921 3611 alias
944 3557 1093 3617 somniant,
1118 3575 1184 3629 quas
1200 3555 1364 3612 eoueliuluut
1381 3558 1406 3613 in
1423 3558 1497 3615 Ren-

207 3638 336 3701 liarliaro.
360 3649 387 3695 et
409 3641 505 3702 llraea,
529 3640 679 3714 planasque
701 3641 727 3696 iu
750 3641 843 3707 llario,
867 3643 964 3714 opinor
986 3641 1032 3696 illo
1056 3642 1196 3696 l‘rrsariun
1220 3659 1297 3711 rege,
1322 3642 1354 3696 iis
1377 3644 1497 3699 somniis

207 3741 266 3797 tpne
291 3726 317 3779 iu
340 3725 481 3799 seripturis
504 3733 596 3798 aperta
619 3734 696 3786 sinit,
721 3725 753 3780 iis
777 3725 936 3799 laliyrintliis
960 3725 1099 3781 involvunt
1121 3728 1223 3786 irinum.
1247 3736 1274 3781 et
1296 3744 1411 3800 scrupos
1436 3746 1497 3784 ttltt·

206 3818 267 3863 veut
290 3810 384 3865 :nimiis
408 3809 554 3865 retrrlarum
579 3809 673 3881 (utile
696 3808 749 3864 illis
772 3811 944 3884 prophetarit
959 3810 1116 3884 Apostolus)
1139 3812 1257 3885 captivas
1279 3812 1409 3869 «lucentes
1432 3831 1496 3870 mu·
1509 3827 1536 3866 to

209 3892 347 3955 liereulas,
372 3904 497 3950 oneratas
519 3895 651 3968 pereatis.
677 3903 705 3949 ut
728 3896 872 3951 eorrailaut
894 3895 1029 3969 pecunias.

271 3979 398 4034 Pietas.
436 3981 531 4034 Arumrt
554 3980 699 4052 pecunias?

150 4064 197 4111 ll·
269 4064 495 4137 Superstitio.
534 4066 629 4119 liriaut
651 4082 729 4138 quam
752 4065 876 4126 ruarirne,
901 4075 980 4138 aitque
1003 4065 1129 4121 mulieres
1152 4075 1176 4120 et
1195 4076 1299 4129 srortru
1322 4067 1418 4121 iloirule.
1436 4071 1497 4140 pri·

206 4165 262 4201 ruas
285 4149 424 4205 cathedras
447 4158 475 4203 et
497 4148 636 4221 uiaguilira
659 4149 766 4205 numina
789 4150 999 4223 plurrisamroru,
1024 4159 1052 4205 ut
1075 4160 1203 4206 vorentur
1219 4151 1252 4205 ali
1270 4152 1424 4206 mummius
1443 4153 1497 4210 lla-

207 4232 284 4295 lriuu,
308 4234 380 4307 quon
403 4242 445 4289 est
467 4234 595 4304 magister
617 4243 722 4298 nostem
746 4235 856 4290 stinlent
877 4237 956 4290 etiam
979 4236 1063 4290 uentri
1087 4245 1115 4290 et
1136 4237 1215 4291 variis
1237 4236 1349 4297 deliciis,
1374 4254 1428 4309 ipio
1455 4239 1495 4302 lit.

208 4328 236 4373 ut
261 4319 316 4373 siut
338 4319 441 4392 adiposi
465 4328 493 4374 et
514 4320 605 4379 crassi,
630 4319 676 4374 serl
697 4321 845 4376 crassiores
870 4321 987 4392 ingenio.

272 4499 282 4530 ²
301 4499 395 4549 mellea
415 4506 443 4550 el.
456 4501 616 4551 elleuiinnti.
685 4499 706 4532 ²¹
725 4501 803 4551 Paul.
818 4518 860 4566 ep.
875 4504 895 4551 Ι,
911 4503 945 4552 nrl
959 4503 1019 4552 Cor.
1035 4504 1055 4553 1.
1074 4501 1110 4552 la.
1176 4502 1231 4534 ³⁷³⁸
1251 4503 1429 4553 lleubnrlmro
1449 4505 1495 4573 ae]

206 4586 223 4633 i.
238 4602 261 4633 e.
275 4585 399 4634 Barbara
418 4586 564 4635 elltaroeo
582 4591 610 4635 et
623 4587 709 4636 Darii.
741 4587 784 4636 Cf.
798 4592 849 4636 art.
864 4586 1029 4653 syllogismi.
1068 4589 1268 4638 lleburbarol.
1337 4586 1360 4620 ⁴⁰
1382 4589 1496 4658 Apost.]

205 4669 282 4718 Paul.
299 4686 340 4733 ep.
355 4670 389 4718 ΙΙ.
405 4669 671 4720 nummolenus.
723 4667 744 4701 ⁴⁸
764 4670 805 4719 Cf.
820 4671 914 4722 loann.
927 4674 985 4722 XX.
1001 4671 1040 4722 lo.
