3382 5370
260 349 307 422 86
528 379 585 413 1111.
654 376 792 412 rourum.
829 376 967 411 oracouvs
986 375 1169 417 uvrrssucvs.
1189 358 1271 422 (tatu.)

259 536 358 612 fruges
380 551 554 595 consumere
577 533 653 601 uati,
683 531 731 610 qui
755 529 825 591 nihil
848 531 916 591 honi
939 531 1138 608 cogitaverunt
1160 549 1303 610 unquam,
1332 529 1439 591 nedum
1462 529 1539 590 lece·

261 644 344 704 runt,
368 653 426 695 non
450 634 558 712 indigui
580 632 636 694 illis
658 652 722 712 qum
745 633 852 694 habeut
874 635 959 693 suntl

192 749 249 799 §.tt
323 757 493 798 uvrreuvs.
532 735 669 812 lndignos
690 734 808 813 quidem
831 753 952 804 censeo,
975 735 1026 796 sed
1049 742 1093 796 est
1107 754 1160 796 cur
1175 737 1212 796 ita
1229 733 1283 796 illis
1298 753 1362 797 csse
1377 736 1448 796 deus
1463 732 1538 795 velit.

323 859 475 901 ronrvua.
514 837 568 899 Ubi
591 840 651 898 cst‘?

323 962 493 1003 uvrrbsvs.
533 940 625 1000 Penes
649 941 742 1018 ipsum
766 944 811 999 est
832 946 861 1000 et
883 941 952 1000 istus
967 941 1030 1000 eius
1043 941 1218 1019 interpretes
1233 939 1393 1018 theologos.
1432 939 1562 1000 Verum⁵

260 1042 334 1103 heus
355 1051 402 1109 tu,
426 1050 517 1101 totum
540 1040 591 1101 tihi
614 1041 721 1101 nodum
746 1049 777 1100 ut
791 1041 915 1109 solvam,
939 1040 1047 1102 babeo:
1071 1041 1223 1103 bcnelarta
1238 1061 1296 1102 nou
1312 1051 1479 1103 renumerat
1494 1042 1541 1102 hic

261 1145 349 1213 deus,
372 1161 467 1224 neque
483 1145 544 1205 iere
559 1145 642 1223 prmit
657 1161 722 1221 queo
744 1142 818 1204 male
841 1145 1025 1204 committunt
1047 1144 1195 1214 linurines,
1217 1144 1269 1205 sed
1290 1146 1319 1205 in
1343 1143 1418 1205 iliam
1434 1146 1540 1223 sempi-

261 1253 374 1306 ternam
396 1248 520 1325 patriam
543 1253 572 1305 et
593 1245 720 1305 suturam
745 1248 830 1306 ritam
853 1254 982 1306 reservat
1003 1247 1142 1307 iudicium
1163 1247 1228 1307 boc.

324 1369 478 1411 ronrvsn.
516 1348 640 1426 Propius
661 1348 697 1408 ad
719 1365 798 1408 rem:
827 1366 879 1408 rur
903 1366 960 1408 nou
983 1349 1071 1426 igitur
1093 1368 1157 1428 quae
1177 1348 1223 1409 bic
1244 1355 1312 1410 suut
1334 1347 1463 1415 casibus,
1487 1349 1541 1408 deo

191 1506 195 1513 .
262 1456 382 1510 ventura
406 1452 457 1510 ista
479 1468 647 1519 reservans,
669 1449 791 1510 tribuis?
1553 1460 1576 1499 ¹⁰

194 1558 252 1608 ΜΒ.
326 1572 496 1613 nrrrsms.
535 1551 606 1622 Ouia
631 1571 688 1611 uon
711 1551 798 1612 habet
819 1551 875 1612 hoc
898 1551 1009 1628 religio.

324 1674 476 1714 ronrvrm.
515 1653 660 1714 blittamns
687 1652 857 1731 religionem
881 1655 982 1733 igitur3
1011 1654 1046 1714 ad
1071 1654 1126 1716 hoc
1149 1653 1304 1714 redeamus
1326 1654 1404 1732 quod
1429 1668 1542 1715 mecum

262 1756 390 1815 sentiunt
410 1755 552 1833 theologi,
582 1758 745 1816 conandum
769 1775 847 1824 esse,
877 1754 1068 1816 laborandum
1092 1763 1120 1815 et
1142 1756 1352 1817 desudandum.
1388 1755 1465 1833 quod
1489 1757 1542 1815 uisi

263 1855 430 1917 docuissent
452 1864 479 1916 te
502 1856 556 1927 illi,
587 1857 624 1917 ab
647 1859 822 1937 Epirlrarmo
847 1859 936 1919 reteri
958 1866 1042 1938 poeta
1066 1866 1095 1919 rt
1116 1857 1233 1918 minime
1255 1856 1331 1918 malo
1354 1858 1468 1918 discere
1491 1878 1542 1937 po·

262 1957 377 2025 tuisses,
1553 1969 1578 2009 rs

367 2058 435 2120 cciv
456 2054 571 2121 πόνων
592 2060 764 2122 πωλοῦσιν
784 2053 880 2141 ἡμῖν,
905 2063 1011 2140 imprit,
1040 2059 1149 2121 πάντα
1171 2055 1196 2121 c’
1219 2054 1332 2140 ἀγαθὰ
1353 2059 1437 2121 θεοί.

326 2182 497 2223 urrrnnrs.
535 2163 592 2222 hut
614 2163 752 2242 Sophocli
775 2165 978 2233 credidissem,
1002 2164 1051 2241 qui
1074 2163 1151 2231 dicit,

366 2256 445 2335 θεὸς
467 2261 503 2325 δὲ
526 2273 594 2337 τοῖς
615 2259 777 2344 ἀργοῦσιν
798 2259 839 2328 οὐ
860 2265 1067 2342 παρίσταται.

325 2383 475 2425 rourum.
515 2367 570 2427 brit
592 2367 737 2446 Euripidi,
762 2370 892 2428 fortunas
915 2386 949 2427 cx
972 2365 1123 2427 laboribus
1139 2367 1235 2426 vanari
1251 2374 1389 2445 oportere
1404 2367 1543 2433 monenti,

367 2464 435 2525 crdo
457 2459 520 2547 γὰρ
543 2463 742 2530 πονούντων
762 2463 844 2541 θεὸς
865 2463 1108 2548 συλλαμβάνει,
1553 2479 1578 2519 2⁰

266 2567 367 2644 iuquit.
413 2569 470 2628 Sed
494 2570 549 2629 iarn
573 2569 684 2631 laboris
705 2579 861 2652 pertaesum
884 2574 945 2632 est?

197 2680 255 2731 Ην.
327 2690 498 2731 urrrams.
536 2671 600 2733 Non
624 2681 796 2752 pertusum,
818 2674 909 2751 siquis
930 2672 997 2734 inde
1020 2674 1131 2733 tructus
1146 2672 1196 2740 sit;
1220 2674 1334 2750 iamque
1350 2671 1450 2732 (labori
1466 2672 1546 2750 quic·

264 2776 322 2829 tem
347 2771 415 2831 mibi
438 2779 480 2831 tut
503 2773 649 2835 exhaustis
672 2774 821 2836 laboribus
844 2775 985 2836 existimo.

327 2893 479 2934 rourvmt.
518 2874 592 2945 Quid
615 2876 753 2938 laborasti
777 2879 864 2938 verul

326 2994 497 3037 rrrrrrm's.
534 2977 664 3039 Primum
692 2981 809 3058 optimis
830 2978 988 3058 disciplinis
1009 2977 1076 3038 dedi
1097 2996 1217 3056 operam
1240 2978 1352 3055 magnis
1373 2977 1580 3038 difficultati-'2⁵

265 3072 334 3142 hus,
359 3083 390 3134 ut
411 3076 468 3137 boc
489 3085 622 3159 ternpore
644 3099 746 3150 neruo,
772 3082 847 3142 haud
870 3080 953 3143 alitor
974 3088 1060 3159 ahpre
1083 3079 1149 3139 eun
1172 3098 1266 3139 essem
1289 3086 1317 3139 et
1339 3079 1430 3158 patria
1446 3077 1548 3157 pulsus

265 3192 391 3254 peregre.
414 3177 577 3256 divagatus,
605 3185 728 3244 uraxima
758 3185 785 3242 in
814 3191 999 3263 paupertate,
1029 3183 1142 3243 miseris
1165 3182 1301 3240 aerumnis
1323 3189 1352 3241 et
1373 3180 1548 3259 gravissimis

267 3295 477 3357 nonnumquam
501 3283 620 3345 morbis.

199 3399 257 3449 §.sn
330 3403 481 3444 ronrrun.
520 3384 569 3446 illa
592 3405 661 3447 vero
684 3388 776 3448 studia
800 3395 833 3446 ut
855 3388 941 3447 tantis
963 3384 1115 3446 laboribus
1137 3403 1364 3464 prosequerere,
1393 3383 1462 3460 quid
1485 3402 1547 3444 mo·

267 3480 351 3541 voleat
372 3486 574 3562 potissimum?
1555 3492 1582 3533 ³⁰

329 3605 499 3652 urrrnm's
538 3592 653 3651 Sciendi
683 3609 779 3660 arnor,
810 3589 1012 3669 ponebamque
1042 3606 1158 3649 omnem
1188 3590 1216 3649 iu
1248 3589 1303 3649 boc
1327 3587 1547 3655 umbonum,

267 3685 348 3745 utin
372 3689 431 3749 otio
454 3691 522 3752 olim
544 3694 706 3753 studiosum
730 3711 793 3752 esse
816 3691 924 3752 liceret.

332 3810 481 3853 ronrvun
520 3794 579 3855 Nec
602 3796 657 3854 iam
680 3794 859 3872 adsequutus
881 3794 937 3854 boc
960 3793 1010 3854 tibi
1033 3793 1156 3854 rirlcrisl

331 3913 500 3956 urrrasrs.
538 3896 736 3975 ddserpmtus,
759 3915 871 3975 patrper
894 3913 982 3972 sptium
1006 3894 1078 3954 siml

201 4008 258 4058 tu.
331 4017 483 4057 ronrvnm
522 3995 566 4057 Ob
589 3997 617 4057 id
641 3999 779 4066 maxime,
803 4016 838 4057 an
862 3997 918 4057 huc
940 4015 999 4057 nou
1023 3997 1116 4066 rides,
1140 4004 1249 4075 quanto
1264 3996 1355 4073 magis
1371 3993 1498 4074 proclivo
1513 3995 1549 4053 sit
1558 4002 1583 4043 λδ

337 4282 344 4314 ¹
365 4282 567 4350 inconsueti]
587 4286 682 4335 Horat.
698 4286 777 4351 epist.
790 4285 811 4334 Ι.
826 4285 849 4346 ¹2,
863 4295 897 4334 2¹7.
954 4284 965 4315 ⁹
984 4285 1095 4335 casibus
1114 4285 1164 4333 deo
1182 4299 1274 4334 omnes.
1345 4282 1362 4315 ¹¹
1383 4282 1468 4333 inaltet
1486 4283 1504 4331 i.
1524 4299 1549 4347 q.

269 4367 358 4417 docet.
417 4366 437 4399 ¹¹
456 4368 622 4435 Epicharin]
644 4387 686 4436 op.
701 4370 776 4419 stob.
790 4369 885 4419 Floril.
899 4369 997 4419 XXIX.
1011 4368 1035 4418 8.
1055 4373 1092 4431 t...
1107 4364 1202 4418 πάντα
1220 4357 1323 4432 tdpn'd'
1343 4361 1372 4417 οἶ
1390 4366 1477 4428 θεοί.)
1495 4368 1550 4428 „bi

269 4466 334 4501 suas
352 4451 446 4503 labore
465 4454 543 4505 dotes
562 4470 623 4506 esse
641 4455 754 4506 venales
767 4454 888 4505 solonas*
941 4453 961 4485 ¹⁷
980 4454 1117 4519 Sophocli
1131 4454 1220 4520 Iphig.
1234 4453 1293 4502 1.·2.
1308 4468 1351 4517 ap.
1366 4452 1441 4501 Stoh.
1456 4451 1549 4501 b'loril.

270 4537 353 4587 XXX.
367 4537 391 4586 n.
412 4538 506 4600 „Deus
526 4544 616 4589 utitem
636 4541 721 4606 pigris
739 4556 793 4589 non
812 4538 965 4588 subvenit.”
1030 4538 1051 4571 ¹⁸
1069 4533 1241 4602 παρέσονται
1258 4538 1317 4586 ertit.
1376 4536 1399 4568 ²⁰
1416 4535 1549 4602 Euripidl

271 4639 314 4688 ap.
329 4623 404 4672 Stob.
419 4623 511 4673 Floril.
525 4625 623 4674 XXIX.
637 4624 678 4674 31.
712 4623 759 4691 To·
777 4616 830 4688 γὰρ
849 4621 984 4673 πονοῦντι
1002 4620 1051 4674 καλ
1070 4616 1139 4682 θεὸς
1162 4620 1361 4687 ονλλαμβανει.
1397 4622 1550 4671 Labornuti

271 4709 343 4758 euim
368 4714 396 4758 et
414 4708 479 4759 deus
499 4709 655 4776 opitulatur.
719 4708 740 4741 ²²
759 4714 896 4774 pertesum
913 4712 933 4757 1.
948 4712 972 4757 2.
992 4714 1016 4758 et
1028 4712 1065 4758 air
1081 4713 1165 4773 purello
1183 4714 1241 4772 post
1259 4709 1354 4756 iterum.
