3382 5370
264 329 337 398 558
702 361 817 396 mutuor
837 360 1105 395 rettvoottt'rrttstet.

262 516 375 592 exempli
399 516 461 573 boni
484 525 530 572 aut
552 525 625 573 certe
648 517 812 580 sanctitatis,
837 517 861 573 iel
877 518 957 574 Petro
980 517 1135 592 relinquunt
1157 527 1183 574 et
1199 518 1294 578 Paualu.
1319 519 1416 593 qtaibus
1439 519 1546 575 aliumle

261 603 327 659 satis
349 613 391 659 cst
413 603 472 659 ocii.

327 687 460 742 llomus.
498 687 552 743 lloc
574 704 627 742 non
650 695 692 743 cst
715 687 842 761 prolatos
865 706 959 762 agere.
983 689 1029 744 scel
1052 689 1247 763 syropbaotas.
1271 690 1317 745 scel
1341 687 1500 745 nebulones.

194 784 254 834 §.ta
329 771 543 846 Pasquillus
582 771 704 828 Vielistin’
721 771 898 846 apostolieum
922 772 1014 834 breve,
1038 774 1162 830 omuiluas
1184 792 1252 848 pcue
1277 773 1437 847 tetraplorum
1461 774 1545 830 ratos

264 857 410 932 llagunciac
432 856 558 913 allisum?
1559 878 1566 886 ·

327 942 461 999 llomus.
498 941 566 1009 lluitl
589 944 728 997 eontinet?

327 1027 537 1101 Pasquillus.
576 1027 613 1082 b'c
636 1026 697 1100 quis
719 1027 864 1083 eelitioncm
888 1025 960 1100 legat
983 1026 1021 1082 rel
1046 1027 1198 1103 apologiam
1221 1027 1325 1084 llartini
1349 1029 1473 1090 lautiori,
1497 1030 1549 1085 bo·

264 1113 343 1168 minis
365 1111 466 1185 alioqui
490 1130 521 1167 cx
544 1129 623 1184 a¹quo
646 1111 718 1168 elocti
740 1130 771 1167 ao
793 1112 839 1186 pii.

328 1197 461 1252 Mamers.
498 1195 693 1263 Quamobrem?

326 1281 541 1356 Pasquillns.
579 1280 654 1348 Quoel
677 1281 772 1338 bulcus
797 1282 918 1354 tetigerit
940 1281 1061 1338 Pontifici
1085 1299 1115 1338 ac
1138 1281 1177 1338 illi
1200 1300 1247 1338 sua
1276 1283 1401 1339 ollmlerit
1431 1284 1582 1356 napinam

263 1367 335 1441 quoel
349 1367 512 1423 ‹lamnarerit
527 1367 687 1440 symoniam,
711 1374 844 1440 quaestum
861 1367 1103 1439 ltrelulgcntiarmm
1126 1368 1228 1442 copiam
1245 1367 1444 1427 beneficiorum.
1468 1387 1546 1442 pearat-

263 1470 323 1527 pem
346 1452 524 1508 cardinalium
547 1460 574 1507 et
590 1451 800 1527 Episcoporum.
824 1453 959 1508 avaritiam
976 1454 1193 1515 lbertisauorum,
1217 1452 1423 1526 expoliationem
1440 1456 1544 1526 patria.

264 1538 291 1593 ιιι
314 1554 430 1596 summa.
460 1546 487 1592 ut
518 1545 625 1609 gentem
653 1536 826 1593 christianam
853 1538 940 1611 priano
970 1554 1020 1592 suo
1043 1539 1152 1594 candori
1180 1547 1208 1594 ct
1230 1537 1324 1592 uatum
1346 1539 1544 1593 conuersatioui

264 1623 407 1677 restituero
430 1620 540 1677 molitus
563 1630 618 1676 est:
646 1621 704 1677 baro
727 1631 791 1677 suut
815 1639 874 1695 qaam
897 1622 1018 1695 poratilos
1038 1622 1171 1678 llomauus
1200 1640 1369 1696 sruumupero
1392 1633 1544 1679 execratur.

203 1716 261 1766 §.eo
327 1707 459 1763 llomus.
497 1706 553 1761 b'on
577 1705 664 1780 probo
687 1706 800 1762 lacttun:
835 1707 899 1779 «puin
923 1707 973 1762 boc
996 1725 1024 1762 sc
1047 1709 1131 1780 inagis
1160 1717 1312 1781 suspectum
1343 1708 1449 1769 reelelet.
1486 1726 1579 1781 qineina

263 1792 288 1846 in
312 1809 340 1847 re
364 1801 415 1847 tatu
439 1790 509 1847 clara
532 1808 563 1846 ac
584 1799 657 1846 corta
681 1790 776 1847 oculos
799 1790 915 1847 voluerit
938 1792 1128 1865 praestringere
1151 1792 1305 1847 vieleutium.

324 1875 538 1949 Pasepuillus.
576 1875 697 1931 Silvestri
721 1876 847 1931 tricenus
871 1878 958 1932 omnis
981 1876 1037 1933 lunc
1064 1877 1158 1933 tecbna
1181 1885 1236 1932 cst:
1270 1878 1292 1932 is
1324 1877 1358 1932 ita
1388 1887 1542 1935 atramento

261 1980 340 2018 sariam
362 1961 510 2018 rarieleleoit
532 1961 711 2017 llcomnatem.

324 2047 455 2102 llomus.
497 2045 600 2113 Quairta
635 2063 779 2102 aretinorum
817 2063 919 2102 sumum
954 2064 1032 2119 otram
1069 2046 1184 2119 singulis
1217 2055 1386 2120 artceapuntur
1420 2048 1500 2104 renatis
1528 2066 1542 2103 a

263 2130 401 2188 Gorarnmis
422 2132 579 2192 Pontiliees.
602 2138 683 2205 atque
706 2131 858 2187 istiusmodi
882 2148 973 2186 omncs
997 2131 1043 2205 qui
1066 2132 1155 2187 llumae
1177 2131 1281 2203 elegunt
1304 2132 1440 2206 harpyia?
1552 2151 1579 2189 eo

194 2229 253 2280 §.et
324 2215 536 2291 Pasquillus.
573 2216 755 2272 lunumcrata:
789 2215 872 2272 alicam
898 2225 984 2272 tamen
1013 2217 1084 2290 quoel
1115 2216 1185 2272 scio:
1217 2217 1309 2290 pomis
1340 2217 1435 2272 abbiuc
1465 2218 1543 2274 anuis

260 2311 366 2359 constat
396 2302 553 2376 plusquam
577 2300 618 2356 bis
640 2309 753 2357 centena
777 2302 938 2374 ‹praeteragics
967 2301 1039 2357 millo
1062 2301 1144 2356 millia
1175 2302 1336 2357 ducatorum
1365 2320 1415 2375 pru
1438 2304 1543 2359 realem·

261 2389 353 2462 ptione
376 2386 519 2461 palliorum
543 2387 568 2441 in
591 2385 692 2443 ltaliam
717 2386 801 2442 luisse
825 2385 978 2441 transmissa
1003 2403 1053 2460 pru
1075 2387 1279 2442 cerularmationc
1294 2404 1389 2443 norem
1406 2405 1455 2461 pcr
1470 2388 1543 2442 rienes

260 2474 448 2548 episcoporum
472 2470 731 2544 llaguntineuslum;
754 2470 875 2545 reliquos
898 2471 990 2533 mitto.
1015 2471 1151 2544 ingentem
1176 2472 1329 2527 thesaurum
1347 2473 1542 2546 pousiouuma

260 2557 408 2614 Curtisauis
431 2555 592 2617 llertuaniae.
615 2564 666 2612 etc.
1549 2576 1576 2615 ra

192 2651 250 2701 bre.
324 2642 455 2697 llomus.
493 2642 555 2696 Tam
579 2659 676 2698 crassae
698 2641 819 2696 llliucrrer
844 2648 885 2696 est
909 2640 1040 2714 populus,
1072 2651 1102 2697 ut
1130 2641 1177 2696 bas
1206 2642 1312 2699 lraudcs
1334 2659 1388 2698 non
1412 2642 1541 2698 ollaeiatl

323 2725 535 2800 l‘asquillus.
573 2727 689 2797 Agnovit
712 2726 879 2787 iarauluelmu.
911 2726 957 2781 scel
981 2743 1043 2781 sero
1066 2727 1145 2783 ninus
1168 2735 1195 2782 et
1223 2744 1272 2782 suo
1296 2728 1409 2784 numium
1432 2729 1542 2801 elispen-

260 2814 319 2869 eliu:
355 2813 380 2867 in
403 2811 543 2885 procinctu
566 2819 637 2871 erat.
673 2811 721 2866 iam
745 2810 829 2866 altcra
852 2810 907 2866 ricc
929 2810 1080 2884 decepisset
1104 2811 1276 2885 plmbeeulam
1306 2811 1431 2868 siumlata
1459 2830 1541 2886 rupe.-

259 2897 362 2953 alitioue
386 2897 412 2952 iu
435 2897 564 2954 Turrem.
587 2896 634 2951 sot
657 2897 707 2951 iam
732 2895 777 2951 icti
800 2896 919 2969 sapiunt.
947 2895 1039 2969 tmpus
1062 2896 1139 2951 bians
1161 2896 1294 2952 eliscessit.

191 2999 249 3051 pm,
324 2982 455 3036 llomus.
494 2980 562 3037 tllint
585 2979 644 3052 lege
666 2981 797 3036 sancitum
821 2989 892 3040 erat.
922 2998 954 3036 ue
985 2981 1048 3054 quial
1079 2981 1234 3055 temporalis
1263 2981 1375 3037 elonriuii
1407 2981 1576 3038 lutbereutou

257 3065 298 3122 rel
322 3065 444 3140 opulenti
473 3074 564 3122 esseut
592 3066 711 3122 baratiues
739 3076 820 3138 atque
850 3065 866 3120 ii
895 3065 941 3139 qui
964 3066 1047 3122 sacris
1077 3075 1225 3140 poteraut,
1258 3067 1305 3122 scel
1328 3066 1408 3122 muco
1433 3074 1538 3122 tantum

256 3153 368 3208 ileormn
391 3151 543 3206 ministerio
566 3151 663 3207 aeblicti
686 3149 790 3226 populo
814 3167 944 3224 respousa
967 3151 1064 3207 clarent
1086 3170 1115 3206 ac
1138 3169 1211 3207 saera
1235 3153 1362 3208 lacerent.

320 3234 539 3309 Pasquillus.
576 3235 639 3292 Nori
669 3253 720 3310 ego
749 3236 884 3309 quonelam
910 3244 1018 3292 exactos
1047 3254 1125 3309 roges
1149 3237 1328 3292 llouumorum
1359 3255 1372 3290 a
1404 3235 1538 3291 sacrificio

257 3321 365 3394 (licebat
387 3321 456 3377 enim
480 3329 508 3376 ct
523 3320 640 3394 Regibus
664 3329 727 3377 tunc
749 3320 917 3393 sacrificare).
946 3338 979 3376 uc
1002 3321 1066 3394 apuu
1090 3321 1191 3377 interca
1215 3321 1241 3376 iu
1263 3321 1399 3395 republica
1422 3339 1436 3375 a
1460 3322 1539 3376 nmai-

259 3407 344 3464 stcrio
366 3405 551 3479 negligerent,
575 3406 629 3461 siro
653 3406 726 3479 quoel
748 3423 826 3462 nemo
849 3405 929 3462 siauul
952 3424 981 3462 ae
1004 3405 1085 3460 semol
1108 3406 1211 3461 elircrsa
1234 3407 1322 3479 possit
1346 3415 1473 3466 tractare,
1496 3407 1573 3463 ali-m

190 3493 318 3562 porrina
341 3500 368 3547 et
389 3491 542 3565 prophana,
571 3491 625 3546 lliis
654 3491 753 3548 servire
782 3499 810 3546 et
838 3490 966 3547 tumultui
989 3508 1019 3547 ac
1041 3490 1210 3547 saccellarium
1239 3509 1327 3547 rorum
1356 3491 1437 3547 curis.
1482 3493 1538 3546 lla·-

258 3585 345 3632 terum
369 3575 446 3632 nobb
468 3576 564 3632 accidit
586 3576 658 3649 qarotl
681 3577 768 3638 nieles,
792 3577 895 3632 inversa
918 3577 986 3649 apml
1010 3593 1060 3631 uos
1083 3576 1185 3631 otitnia:
1208 3576 1297 3632 rieleas
1321 3577 1363 3631 bic
1384 3575 1536 3636 Petirtiliees.

256 3661 423 3721 cardinales,
455 3660 617 3735 Episcopus.
652 3661 830 3736 Propositus.
864 3661 995 3721 statutos.
1030 3661 1150 3717 cmuobia
1174 3662 1265 3717 multis
1288 3661 1375 3716 earnalis
1398 3661 1537 3733 Principes

256 3746 415 3803 antecellere
437 3746 550 3807 tliritiis,
585 3764 701 3819 crugero
731 3765 837 3803 uairueiu
865 3746 1043 3802 substantiam
1071 3745 1179 3820 populi,
1213 3747 1366 3821 sumptibus
1394 3744 1536 3817 indulgere

255 3840 283 3888 ct
311 3830 483 3905 apparatibus
514 3830 575 3905 plus
603 3849 683 3905 apuam
712 3831 882 3906 Syliariticis
917 3831 988 3887 aceles
1016 3832 1156 3904 possidere
1183 3831 1346 3904 simulatque
1374 3838 1572 3888 construerem

256 3917 423 3990 magnilioas.
458 3924 582 3989 tartunam
607 3924 739 3989 perpetuo
763 3918 817 3971 sint
839 3916 948 3978 victuri;
982 3917 1087 3972 nutrire
1109 3926 1212 3978 scorta,
1245 3917 1270 3972 ιιι
1300 3934 1392 3971 ornares
1416 3915 1535 3971 elclluere

254 4003 374 4062 delitias.
397 4019 492 4058 curare
514 3999 673 4063 cuticulam,
702 4001 769 4056 uilail
793 4019 845 4057 non
869 4001 983 4075 experiri
1007 4002 1078 4074 epaaotl
1102 4001 1248 4075 voluptatis
1271 4001 1409 4075 ‹puppiam
1431 3999 1535 4055 aellerat

254 4089 381 4161 eorpori;
404 4104 418 4141 c
440 4086 545 4141 elirerso
569 4103 649 4159 cgere
672 4085 800 4160 plaibcm,
833 4087 948 4160 opprimi
973 4104 1118 4159 paretpcres.
1154 4088 1305 4161 promoveri
1329 4093 1356 4140 ct
1378 4084 1471 4141 extolli
1496 4085 1536 4139 in·

254 4172 366 4245 «lignos,
390 4172 522 4243 virgiuum
545 4179 573 4226 ct
597 4188 709 4227 aerearum
732 4172 859 4227 attentari
883 4171 1055 4245 prulicitiam:
1079 4181 1161 4246 atquc
1183 4172 1234 4226 buo
1257 4190 1270 4226 a
1294 4170 1375 4225 naulis
1398 4186 1477 4243 ιμιιιιι
1500 4171 1535 4224 ιιι

255 4258 288 4312 iis
312 4274 380 4331 qrreis
403 4256 518 4311 inunelus
541 4255 612 4311 velut
634 4255 745 4328 angelos
774 4256 816 4312 elei
844 4256 999 4313 elcntiratur.
1044 4256 1081 4312 Eo
1110 4257 1207 4312 elelccit
1237 4264 1330 4311 nostra
1360 4255 1470 4327 religio.
1498 4273 1569 4313 eutr.

254 4341 397 4416 prolapsa,
422 4349 452 4398 ut
475 4341 522 4414 qui
544 4339 629 4414 probe
653 4340 714 4396 velit
738 4340 817 4398 sitam
841 4341 996 4402 instituere,
1025 4342 1151 4416 protinus
1181 4342 1296 4396 eviratus
1326 4358 1355 4395 ac
1378 4358 1470 4414 praetem
1493 4341 1534 4394 ιιι

252 4427 365 4483 elieatur.

319 4609 338 4640 ²¹
359 4610 514 4660 Innumero.
536 4612 561 4659 3.
597 4605 619 4639 ²⁴
638 4609 679 4659 Cf.
694 4609 805 4658 t'oaise.
819 4615 842 4669 ξ.
856 4608 897 4658 llll.
933 4607 954 4640 ⁹⁹
974 4606 1034 4675 icti]
1049 4610 1135 4670 ..Curre
1147 4625 1177 4658 ne
1191 4609 1239 4658 icti
1253 4616 1277 4657 et
1290 4607 1467 4657 lmerousulti
1483 4608 1531 4657 lul.

252 4697 411 4758 conserualus''
430 4697 466 4745 uel
482 4711 560 4759 irenrp.
580 4697 690 4758 erenapli
705 4696 752 4744 urei
770 4696 868 4761 quidam
886 4695 1032 4758 adscripsit.
1058 4696 1095 4744 Ile
1113 4693 1177 4759 lupo
1195 4695 1231 4758 ef.
1250 4698 1297 4742 eol.
1312 4692 1345 4742 ll.
1363 4710 1390 4756 p.
1404 4692 1462 4741 llll.
