3382 5370
125 373 190 438 [1Αο.
199 371 273 438 80311
287 389 474 424 ΡΗῙΒΔῙΜΗΙΒ
487 390 775 425 ctv.vr0r.otnt.oovs
789 392 823 424 ot:
839 391 1050 426 l‘ACVLTATlBl'S
1064 390 1275 425 llOHAlOEllfllb'U.
1327 359 1400 430 4199

124 547 170 620 qui
193 546 299 602 atlilitus
321 556 363 603 est
385 547 448 603 liuie
469 547 559 621 legate
582 567 595 603 a
618 547 797 610 Florentinis,
820 566 868 605 reu
892 549 1025 623 querelam
1048 548 1079 604 eil
1102 548 1130 604 le
1153 566 1256 604 roceam
1272 567 1286 604 a
1302 550 1402 605 lunone

123 630 247 687 eeulatus
263 634 359 705 Argus,
381 631 466 704 (tauta
488 633 568 688 etiam
592 633 662 690 iuter
687 651 735 689 ees
757 633 822 689 biles
844 634 894 690 estl
918 651 951 690 ue
974 633 1115 707 quiequam
1138 651 1169 688 er
1192 634 1313 707 pecuniis
1335 652 1402 708 peu·

124 715 213 772 tibeiis
235 716 392 772 sulluretur.
429 722 517 791 Atque
540 717 621 779 ailoe,
644 736 660 773 o
683 717 789 780 lleuuo,
814 718 876 791 quid
899 717 1042 791 aliquamlo
1065 718 1108 774 bie
1131 718 1238 780 lecerit.
1263 719 1322 774 auili
1342 737 1402 793 pre·

123 818 185 857 eor:
215 801 338 864 nimium,
368 802 403 856 ita
428 820 469 857 me
491 803 557 858 ileos
581 802 648 859 bene
671 812 755 865 uniet.
784 803 810 858 iil
833 803 881 858 tibi
910 820 1019 860 narrare
1047 803 1150 876 gestio:
1183 803 1349 877 dispeream.
1379 805 1401 859 si

104 896 179 941 aaron
207 886 336 943 fidissimo
359 888 492 960 «protinam
515 887 643 962 graviipre
672 896 799 944 narrante
827 888 883 943 viro
914 905 1012 944 ruerem
1044 887 1191 944 inserviens
1220 889 1290 963 apnil
1320 889 1402 961 magi·

123 979 209 1027 strum
233 971 387 1028 audiverim.

187 1054 311 1112 lleuno.
349 1056 466 1112 Obsecro
489 1057 552 1130 ipiitl
576 1058 601 1113 io
624 1059 684 1113 est?

186 1140 279 1195 Puer.
317 1140 423 1197 Voeata,
446 1142 477 1196 ail
501 1160 601 1198 emnam
624 1161 639 1197 a
661 1142 751 1216 legate
773 1151 902 1199 matronae
917 1150 1007 1204 eraut,
1031 1159 1084 1198 nen
1101 1141 1222 1217 impura.
1239 1149 1294 1198 tum
1312 1144 1468 1199 autemttt,

124 1225 209 1281 inerma
233 1227 369 1299 ptraestauti
393 1244 423 1281 ao
445 1227 579 1300 primariae
602 1228 696 1283 etiam:
720 1245 779 1302 iprne
800 1246 861 1284 crim
884 1227 1086 1290 acciabuisseut,
1115 1228 1187 1283 inter
1207 1228 1274 1284 eluas
1296 1246 1327 1283 ex
1349 1229 1399 1288 bis.

91 1323 115 1363 te
126 1309 207 1365 veluti
231 1311 332 1372 illusas.
362 1311 405 1366 bie
427 1329 455 1367 se
477 1310 575 1385 Apelle
598 1312 707 1368 tertium
730 1313 885 1386 composuit
905 1312 1054 1369 convivam:
1083 1312 1128 1386 qui
1156 1330 1216 1369 oum
1244 1311 1319 1386 loqui
1342 1330 1401 1369 euin

123 1394 165 1449 bis
186 1412 241 1450 neu
265 1396 413 1470 potuisset,
442 1413 529 1470 neque
552 1395 606 1453 illae
629 1398 717 1472 ipsum
747 1397 946 1471 intelligerent.
975 1397 1057 1471 erepit
1084 1396 1195 1453 nutibus
1226 1397 1402 1471 gestibusque

123 1480 180 1534 suis
203 1479 349 1536 adblandiri
372 1481 425 1542 eis,
448 1489 530 1554 atque
553 1482 584 1537 ad
607 1499 651 1538 eas
674 1481 808 1539 alluilere:
831 1501 892 1557 quar
914 1500 974 1538 eum
997 1498 1097 1538 aversae
1119 1481 1235 1538 liemiuis
1251 1482 1402 1538 iueomlites

123 1582 211 1620 meres
234 1565 448 1627 detestarentur,
477 1565 683 1623 berriveleutiam
713 1568 831 1641 ipsarum
854 1585 898 1629 re.
927 1585 986 1623 cunr
1010 1565 1096 1623 verbis
1119 1584 1173 1623 nou
1195 1575 1302 1641 posset,
1330 1584 1403 1623 eom·

124 1666 217 1722 parare
241 1649 291 1704 sibi
315 1659 538 1723 aggressusest:
568 1652 761 1726 comprehensa
783 1652 916 1726 siquidem
939 1650 1064 1713 alterius,
1094 1669 1153 1725 erim
1181 1651 1402 1725 interutrasque

90 1734 218 1790 talormoe
240 1733 354 1809 palmam
377 1735 510 1797 obtinuit.
540 1754 618 1793 manu
646 1755 766 1793 erassum
793 1754 823 1792 ar.
851 1737 928 1810 plane
956 1737 1086 1811 equinum
1114 1753 1208 1810 pirenem
1237 1735 1330 1808 caligis
1359 1754 1403 1791 ea·

124 1827 240 1874 tractum
269 1821 295 1875 iu
322 1838 429 1876 uranum
457 1820 538 1876 dulit.
583 1821 628 1876 illa
650 1823 752 1895 ingenti
783 1822 943 1895 insuetoque
973 1822 1067 1877 territa
1093 1831 1215 1877 monstro
1245 1839 1275 1875 ae
1303 1820 1403 1876 rulmre

124 1904 233 1977 perlusa
257 1913 313 1961 tota
336 1922 442 1961 manum
466 1905 535 1961 bainl
559 1923 636 1962 serus
659 1907 776 1981 quamsi
799 1915 951 1979 serpentem
973 1905 1148 1976 contigisset.
1171 1906 1265 1980 parieta
1282 1906 1402 1962 retranit.

187 1989 314 2045 lionae,
351 1988 418 2057 Quid
442 1990 540 2065 reliqui
563 2008 626 2046 vere
649 1992 785 2047 eonvivae't
817 1989 1007 2047 intellexeruut
1023 1990 1130 2047 antem?
1153 2007 1241 2046 nonne
1258 1989 1333 2046 illum
1350 2008 1404 2046 rna·

123 2071 228 2128 leilietis
251 2075 424 2148 fustibusque
446 2075 560 2131 eiectum
583 2077 704 2131 eerrrivie
726 2074 794 2132 rriale
817 2076 1018 2131 tractaverunt?

89 2175 115 2214 re
187 2158 283 2213 Puer.
320 2159 440 2221 blinime.
471 2160 669 2217 Rbomaueuses
692 2168 768 2216 eraut
790 2177 882 2216 omues
904 2160 950 2235 qui
973 2159 1094 2216 convivio
1125 2160 1316 2215 interfuerant:
1350 2177 1403 2215 mm

125 2241 230 2298 insueta
254 2242 307 2298 illis
330 2262 386 2306 res,
409 2244 530 2300 discussa
554 2245 609 2301 risu
632 2254 687 2302 est:
712 2263 780 2301 aruris
803 2253 890 2300 tamen
913 2263 944 2300 oa
968 2244 1035 2306 illis,
1058 2245 1089 2299 ail
1113 2261 1191 2318 quem
1207 2243 1403 2319 aliiprautulum

124 2327 230 2384 iniuriae
252 2329 312 2384 eius
335 2347 396 2403 pars
419 2330 585 2402 pertinebat.
608 2330 840 2386 summovebitur:
864 2330 967 2386 eximin
991 2330 1056 2401 ipsae
1072 2346 1135 2384 vere
1151 2328 1263 2402 puellae,
1286 2330 1404 2385 ileruisse

124 2411 214 2474 urite,
239 2413 370 2469 rubebant
393 2431 498 2476 oiriues.
523 2414 646 2471 terebant
669 2424 765 2471 tamen.

186 2497 312 2553 lleuno.
349 2498 442 2560 Ferale,
467 2499 502 2554 ita
525 2518 566 2555 me
588 2500 654 2556 ileus
678 2500 745 2557 bene
767 2508 852 2561 amet.
876 2516 919 2554 res
942 2507 997 2555 est:
1028 2516 1079 2569 ege
1102 2499 1226 2571 presente
1249 2499 1331 2570 virgis
1354 2509 1471 2573 piri-§.sa

89 2581 194 2639 taliliee
216 2601 315 2638 eastun
338 2601 369 2639 ae
391 2582 474 2639 altera
497 2584 614 2640 obseissa
637 2602 701 2640 aure
724 2602 794 2659 pago
816 2584 968 2644 eiecissem.
998 2584 1060 2639 buin
1088 2583 1215 2639 nebuloni
1247 2584 1403 2657 turpissimo

124 2685 209 2741 propie
232 2668 434 2742 supplicassem.
479 2669 530 2724 Setl
553 2669 634 2732 bees,
656 2669 760 2735 Brimo,
790 2678 867 2725 estne
890 2678 916 2725 et
939 2667 1043 2742 relitpra
1066 2669 1146 2724 buius
1168 2668 1299 2724 llbemaui
1322 2667 1402 2741 legati

124 2751 222 2808 lanulis
247 2755 290 2809 isti
314 2752 404 2809 lenoni
428 2752 611 2827 impurissime
634 2753 748 2810 similis?

186 2838 282 2893 Puer.
319 2838 475 2894 Uniusmodi
500 2840 623 2912 preleete
647 2857 755 2905 omues,
778 2849 858 2913 atque
882 2839 948 2895 adeo
971 2847 1085 2912 prepter
1107 2846 1201 2912 stupra
1217 2836 1403 2911 ailiilteriaque

123 2940 154 2978 ae
182 2922 285 2996 reliqua
314 2922 416 2979 seelera
445 2941 498 2979 nen
527 2924 607 2979 irrinle
637 2925 700 2980 erbe
727 2933 932 2998 preseipnmtur
958 2943 972 2979 a
999 2923 1114 2983 eirilnrs.
1148 2940 1238 2979 rernm
1269 2924 1347 2978 etiam
1379 2923 1402 2977 ri

89 3016 206 3080 oeatque
229 3008 299 3064 telis.

188 3092 310 3149 llenue.
348 3094 442 3149 Mirum
466 3094 538 3167 queil
562 3095 619 3150 liaeo
641 3095 816 3167 magistratus
840 3095 994 3167 patiuntur:
1018 3111 1049 3148 es
1072 3092 1121 3149 bae
1143 3100 1216 3148 eerte
1239 3090 1338 3148 familia
1354 3092 1402 3147 ile·
1413 3089 1470 3139 113·

124 3177 212 3233 minus
236 3179 293 3253 ipse
316 3177 393 3252 plane
415 3180 599 3252 eiigireseitur.
644 3178 730 3234 attelini
759 3178 891 3251 epirenilam
914 3179 950 3233 ita
977 3177 1076 3232 elisisse
1106 3177 1170 3232 olim
1199 3176 1401 3251 pbilosepbum.

125 3262 216 3334 apmles
240 3264 265 3318 iu
289 3262 425 3335 republica
448 3264 584 3338 principes
607 3272 685 3324 sieut,
710 3261 776 3317 tales
799 3262 920 3335 reliquos
943 3280 1003 3317 esse
1025 3260 1115 3317 solere
1138 3263 1217 3316 eires.

187 3346 285 3402 l'ner.
321 3347 504 3422 Philosophus
527 3366 589 3403 terrm
613 3356 642 3403 tu
666 3365 709 3409 es,
733 3346 843 3402 llenue't

91 3444 116 3483 aa
190 3430 316 3486 lleune.
354 3432 427 3488 Licet
450 3431 630 3507 pbileseplms
653 3449 706 3487 tren
730 3433 793 3492 sini,
822 3432 873 3486 boe
903 3431 959 3485 srie
989 3439 1076 3485 tamen
1104 3437 1131 3483 et
1159 3437 1327 3502 eiiiiipertnm
1351 3447 1402 3484 usu

125 3514 220 3570 babeo.
263 3516 348 3589 Papo,
372 3517 433 3590 qius
456 3517 499 3573 bie
521 3526 577 3578 ou,
601 3535 617 3568 e
640 3516 743 3577 llrnue.
768 3533 846 3589 qinein
870 3514 1131 3589 appropinquantem
1155 3513 1244 3574 virleu,
1268 3514 1401 3569 lietuiuem

125 3608 227 3655 statura
251 3599 344 3673 biuga,
368 3604 455 3657 serien
479 3601 615 3662 intimum,
638 3600 711 3674 pileo
734 3601 865 3660 retumle,
889 3600 974 3655 instar
995 3598 1064 3654 birci
1087 3597 1241 3658 barbatum.
1270 3597 1401 3672 plurimas

125 3702 203 3739 tuami
227 3684 314 3740 bullas
336 3688 491 3758 gerentem?
515 3688 601 3760 ipsum
625 3686 724 3760 epiner
746 3702 806 3741 esse
828 3683 956 3758 legatum.

186 3770 283 3824 Puer.
320 3769 344 3824 ls
367 3778 424 3829 est:
447 3780 645 3844 praeceptorum
668 3771 726 3826 riile
749 3770 785 3825 sis
808 3787 926 3829 memor.
949 3768 1051 3824 lletrne.

92 3869 116 3907 m
188 3854 338 3926 Legatus
361 3854 558 3910 ltbeurauus.
596 3854 689 3911 Nimim
717 3872 789 3911 eurm
819 3854 953 3927 nimiaque
984 3851 1140 3908 sollicitudo
1168 3869 1222 3907 nen
1245 3852 1336 3908 sinunt
1358 3859 1471 3911 eierat

124 4021 324 4028 *-

193 4120 200 4152 ¹
221 4121 254 4170 eil
274 4119 312 4184 lel
332 4124 366 4183 rs.
380 4137 401 4171 e.
414 4138 453 4186 pr.
468 4122 570 4186 Hygiu.
585 4122 640 4171 snb.
658 4120 712 4171 145.
782 4119 837 4154 ²⁸⁴⁵
855 4121 965 4186 publice
984 4136 1047 4169 ems.
1065 4117 1126 4184 ete]
1145 4118 1187 4168 01.
1206 4119 1402 4184 bambergens.

127 4213 176 4256 ert.
190 4205 354 4267 2231014.
374 4204 451 4255 CCC.
466 4211 516 4254 nrt.
532 4204 588 4254 1118.
603 4207 641 4266 ἐξ.
655 4206 679 4256 3.
693 4205 718 4255 t.
753 4204 775 4237 ²³
793 4225 799 4267 ς
820 4211 847 4255 et
865 4205 928 4255 linio
948 4209 973 4254 3.
1008 4202 1030 4235 ²⁹
1048 4208 1249 4270 prosequuntur
1267 4220 1283 4253 n
1302 4201 1366 4269 eim]
1385 4208 1401 4253 1.

127 4296 257 4356 petuntur
275 4307 292 4340 a
311 4308 334 4339 e.
404 4287 423 4320 ³¹
446 4290 602 4340 Notisra'minn
619 4290 777 4354 proverbium
796 4292 867 4340 ‘ute
885 4292 933 4340 der
951 4290 1032 4350 Ilerr,
1050 4305 1079 4339 ro
1097 4291 1145 4338 der
1162 4289 1278 4338 li'nerbt'.
1305 4289 1355 4339 Cir.
1368 4291 1403 4338 nd

126 4378 182 4425 Ati.
195 4378 227 4425 V.
244 4375 309 4437 ll‚t.
341 4375 427 4433 „ittmt
445 4370 494 4425 οἷα
511 4364 553 4439 p'p‘
573 4368 710 4424 δέσποινα
728 4371 813 4439 [τοῖαι
831 4370 880 4424 καὶ
898 4370 1137 4439 θεραπαινίδεςΓ.
1175 4373 1245 4423 Idem
1257 4375 1292 4422 nd
1304 4375 1366 4438 sem.
1380 4374 1401 4424 l.

125 4459 149 4516 11,
159 4470 179 4510 t.
199 4475 278 4525 ..quie
301 4465 365 4509 sunit
388 4460 460 4524 opud
478 4460 622 4509 Plutonem
645 4465 766 4509 nostrum
788 4460 894 4523 scripte
917 4459 1049 4508 divinitus
1074 4456 1185 4520 ‘Qtrnles
1208 4459 1237 4507 in
1260 4457 1402 4524 republica

127 4547 264 4610 principes
285 4549 390 4597 essent.
411 4543 482 4593 tales
501 4543 620 4607 reliquos
639 4544 727 4593 solere.
746 4559 806 4594 esse
830 4543 943 4595 eiree’.“
980 4543 1014 4591 Et
1034 4543 1084 4591 leo.
1098 4541 1182 4591 Sirae.
1195 4542 1228 4591 X.
1241 4542 1267 4590 2.
1286 4541 1403 4604 „Qumis

128 4636 217 4678 reetrir
236 4635 277 4678 est
296 4629 433 4687 civitatis,
454 4626 526 4676 tales
545 4631 573 4674 et
591 4626 780 4677 inhabitantes
800 4630 828 4678 in
846 4631 905 4676 σεῖ’.
932 4628 970 4690 (γ.
987 4627 1148 4676 Proverbier.
1161 4626 1259 4680 xxix.
1280 4626 1318 4677 12.
1336 4634 1360 4674 et
1379 4643 1401 4675 r.

127 4713 148 4745 ‘¹'
166 4714 236 4763 nuni
250 4714 369 4779 legatum
383 4714 452 4762 bone
466 4713 577 4762 lectore
630 4710 726 4777 tegat]
746 4713 862 4762 louuues
875 4712 995 4776 Angelus
1013 4709 1215 4766 Areirnbolilus,
1234 4711 1268 4759 tle
1281 4728 1333 4776 quo
1344 4711 1400 4760 viil.

1117 4796 1180 4856 3⁶2·
