<?xml version="1.0" encoding="UTF-8"?>
<!DOCTYPE html PUBLIC "-//W3C//DTD XHTML 1.0 Transitional//EN"
    "http://www.w3.org/TR/xhtml1/DTD/xhtml1-transitional.dtd">
<html xmlns="http://www.w3.org/1999/xhtml" xml:lang="en" lang="en">
 <head>
  <title>
</title>
<meta http-equiv="Content-Type" content="text/html;charset=utf-8" />
  <meta name='ocr-system' content='tesseract 3.04.00' />
  <meta name='ocr-capabilities' content='ocr_page ocr_carea ocr_par ocr_line ocrx_word'/>
</head>
<body>
  <div class='ocr_page' id='page_1' title='image "./ulrichihuttenie09huttgoog_0594.png"; bbox 0 0 3382 5370; ppageno 0'>
   <div class='ocr_carea' id='block_1_1' title="bbox 354 366 1403 448">
    <p class='ocr_par' dir='ltr' id='par_1_1' title="bbox 354 366 1403 448">
     <span class='ocr_line' id='line_1_1' title="bbox 354 366 1403 448; baseline 0.003 -16"><span class='ocrx_word' id='word_1_1' title='bbox 354 397 471 433; x_wconf 77' lang='lat' dir='ltr'><strong>uranoer</strong></span> <span class='ocrx_word' id='word_1_2' title='bbox 491 398 596 432; x_wconf 76' lang='lat' dir='ltr'><strong>sarran</strong></span> <span class='ocrx_word' id='word_1_3' title='bbox 616 398 733 433; x_wconf 82' lang='lat' dir='ltr'><strong>rrsrrrn</strong></span> <span class='ocrx_word' id='word_1_4' title='bbox 753 396 879 432; x_wconf 73' lang='lat' dir='ltr'><strong>cessator.</strong></span> <span class='ocrx_word' id='word_1_5' title='bbox 915 379 957 448; x_wconf 75' lang='lat' dir='ltr'><strong>[a]</strong></span> <span class='ocrx_word' id='word_1_6' title='bbox 977 396 1112 432; x_wconf 81' lang='lat' dir='ltr'><strong>osnocss.</strong></span> <span class='ocrx_word' id='word_1_7' title='bbox 1320 366 1403 437; x_wconf 66' lang='grc'><strong>565</strong></span> 
     </span>
    </p>
   </div>
   <div class='ocr_carea' id='block_1_2' title="bbox 84 554 1472 3840">
    <p class='ocr_par' dir='ltr' id='par_1_2' title="bbox 84 554 1472 3840">
     <span class='ocr_line' id='line_1_2' title="bbox 181 554 1405 631; baseline 0.005 -27"><span class='ocrx_word' id='word_1_8' title='bbox 181 554 334 610; x_wconf 89' lang='lat' dir='ltr'><strong>Carolus.</strong></span> <span class='ocrx_word' id='word_1_9' title='bbox 372 555 468 623; x_wconf 75' lang='lat' dir='ltr'><strong>Quaeras,</strong></span> <span class='ocrx_word' id='word_1_10' title='bbox 492 576 508 610; x_wconf 94' lang='lat' dir='ltr'><strong>o</strong></span> <span class='ocrx_word' id='word_1_11' title='bbox 531 556 610 618; x_wconf 82' lang='lat' dir='ltr'><strong>bere,</strong></span> <span class='ocrx_word' id='word_1_12' title='bbox 633 557 684 612; x_wconf 93' lang='lat' dir='ltr'><strong>uisi</strong></span> <span class='ocrx_word' id='word_1_13' title='bbox 708 556 819 612; x_wconf 81' lang='lat' dir='ltr'><strong>irrasime</strong></span> <span class='ocrx_word' id='word_1_14' title='bbox 841 557 930 631; x_wconf 82' lang='lat' dir='ltr'><strong>piant?</strong></span> <span class='ocrx_word' id='word_1_15' title='bbox 959 565 1096 629; x_wconf 90' lang='lat' dir='ltr'><strong>receptum</strong></span> <span class='ocrx_word' id='word_1_16' title='bbox 1121 564 1147 611; x_wconf 86' lang='lat' dir='ltr'><strong>te</strong></span> <span class='ocrx_word' id='word_1_17' title='bbox 1170 564 1267 629; x_wconf 90' lang='lat' dir='ltr'><strong>putant</strong></span> <span class='ocrx_word' id='word_1_18' title='bbox 1290 556 1315 610; x_wconf 93' lang='lat' dir='ltr'><strong>in</strong></span> <span class='ocrx_word' id='word_1_19' title='bbox 1339 556 1405 611; x_wconf 84' lang='lat' dir='ltr'><strong>ltro·</strong></span> 
     </span>
     <span class='ocr_line' id='line_1_3' title="bbox 182 635 1403 715; baseline 0.002 -23"><span class='ocrx_word' id='word_1_20' title='bbox 182 638 451 696; x_wconf 85' lang='lat' dir='ltr'><strong>blasiruiliauus.</strong></span> <span class='ocrx_word' id='word_1_21' title='bbox 488 641 570 697; x_wconf 86' lang='lat' dir='ltr'><strong>Ludis</strong></span> <span class='ocrx_word' id='word_1_22' title='bbox 593 650 621 698; x_wconf 91' lang='lat' dir='ltr'><strong>tu</strong></span> <span class='ocrx_word' id='word_1_23' title='bbox 645 641 761 714; x_wconf 85' lang='lat' dir='ltr'><strong>quidem.</strong></span> <span class='ocrx_word' id='word_1_24' title='bbox 1206 635 1279 715; x_wconf 81' lang='lat' dir='ltr'><strong>[raian</strong></span> <span class='ocrx_word' id='word_1_25' title='bbox 1303 640 1403 696; x_wconf 92' lang='lat' dir='ltr'><strong>album.</strong></span> 
     </span>
     <span class='ocr_line' id='line_1_4' title="bbox 181 723 1263 800; baseline 0.002 -23"><span class='ocrx_word' id='word_1_26' title='bbox 181 724 302 780; x_wconf 91' lang='lat' dir='ltr'><strong>Carolu</strong></span> <span class='ocrx_word' id='word_1_27' title='bbox 311 742 332 784; x_wconf 89' lang='lat' dir='ltr'><strong>s.</strong></span> <span class='ocrx_word' id='word_1_28' title='bbox 370 726 438 792; x_wconf 73' lang='lat' dir='ltr'><strong>(lirin</strong></span> <span class='ocrx_word' id='word_1_29' title='bbox 461 735 488 781; x_wconf 92' lang='lat' dir='ltr'><strong>et</strong></span> <span class='ocrx_word' id='word_1_30' title='bbox 511 727 605 782; x_wconf 76' lang='lat' dir='ltr'><strong>timidis</strong></span> <span class='ocrx_word' id='word_1_31' title='bbox 627 735 655 781; x_wconf 95' lang='lat' dir='ltr'><strong>et</strong></span> <span class='ocrx_word' id='word_1_32' title='bbox 677 725 774 800; x_wconf 72' lang='lat' dir='ltr'><strong>elogiis</strong></span> <span class='ocrx_word' id='word_1_33' title='bbox 795 725 933 782; x_wconf 85' lang='lat' dir='ltr'><strong>coleluaut</strong></span> <span class='ocrx_word' id='word_1_34' title='bbox 957 735 1031 781; x_wconf 82' lang='grc' dir='ltr'>ιιιιιιιι</span> <span class='ocrx_word' id='word_1_35' title='bbox 1054 723 1162 780; x_wconf 81' lang='lat' dir='ltr'><strong>fatalem</strong></span> <span class='ocrx_word' id='word_1_36' title='bbox 1184 724 1263 781; x_wconf 73' lang='lat' dir='ltr'><strong>aliem.</strong></span> 
     </span>
     <span class='ocr_line' id='line_1_5' title="bbox 181 807 1472 884; baseline 0.005 -23"><span class='ocrx_word' id='word_1_37' title='bbox 181 807 444 865; x_wconf 79' lang='lat' dir='ltr'><strong>llatiruiliauus.</strong></span> <span class='ocrx_word' id='word_1_38' title='bbox 482 810 516 866; x_wconf 84' lang='lat' dir='ltr'><strong>lle</strong></span> <span class='ocrx_word' id='word_1_39' title='bbox 540 828 625 883; x_wconf 74' lang='lat' dir='ltr'><strong>reguo</strong></span> <span class='ocrx_word' id='word_1_40' title='bbox 648 828 711 867; x_wconf 89' lang='lat' dir='ltr'><strong>rero</strong></span> <span class='ocrx_word' id='word_1_41' title='bbox 734 811 796 884; x_wconf 77' lang='lat' dir='ltr'><strong>(pisid</strong></span> <span class='ocrx_word' id='word_1_42' title='bbox 820 815 926 867; x_wconf 77' lang='lat' dir='ltr'><strong>acuam?</strong></span> <span class='ocrx_word' id='word_1_43' title='bbox 1412 828 1472 877; x_wconf 67' lang='lat' dir='ltr'><strong>ers.</strong></span> 
     </span>
     <span class='ocr_line' id='line_1_6' title="bbox 99 893 1404 969; baseline 0.001 -20"><span class='ocrx_word' id='word_1_44' title='bbox 99 912 112 949; x_wconf 83' lang='lat' dir='ltr'><strong>s</strong></span> <span class='ocrx_word' id='word_1_45' title='bbox 184 893 338 948; x_wconf 75' lang='lat' dir='ltr'>Carolus,</span> <span class='ocrx_word' id='word_1_46' title='bbox 375 895 509 950; x_wconf 75' lang='lat' dir='ltr'><strong>Auditum</strong></span> <span class='ocrx_word' id='word_1_47' title='bbox 532 914 545 951; x_wconf 92' lang='lat' dir='ltr'><strong>a</strong></span> <span class='ocrx_word' id='word_1_48' title='bbox 569 894 713 952; x_wconf 79' lang='lat' dir='ltr'><strong>Galliarum</strong></span> <span class='ocrx_word' id='word_1_49' title='bbox 745 913 822 969; x_wconf 72' lang='lat' dir='ltr'><strong>nege,</strong></span> <span class='ocrx_word' id='word_1_50' title='bbox 856 904 903 951; x_wconf 89' lang='lat' dir='ltr'><strong>tuo</strong></span> <span class='ocrx_word' id='word_1_51' title='bbox 930 893 1040 957; x_wconf 76' lang='lat' dir='ltr'><strong>annulo.</strong></span> <span class='ocrx_word' id='word_1_52' title='bbox 1070 912 1161 950; x_wconf 86' lang='lat' dir='ltr'><strong>rerum</strong></span> <span class='ocrx_word' id='word_1_53' title='bbox 1189 895 1308 957; x_wconf 80' lang='lat' dir='ltr'><strong>lrustra,</strong></span> <span class='ocrx_word' id='word_1_54' title='bbox 1340 913 1404 950; x_wconf 83' lang='lat' dir='ltr'><strong>sarm</strong></span> 
     </span>
     <span class='ocr_line' id='line_1_7' title="bbox 119 976 807 1054; baseline 0.007 -24"><span class='ocrx_word' id='word_1_55' title='bbox 119 995 167 1051; x_wconf 91' lang='lat' dir='ltr'><strong>spe</strong></span> <span class='ocrx_word' id='word_1_56' title='bbox 190 976 266 1033; x_wconf 88' lang='lat' dir='ltr'><strong>lusus</strong></span> <span class='ocrx_word' id='word_1_57' title='bbox 289 978 369 1040; x_wconf 89' lang='lat' dir='ltr'><strong>abiit.</strong></span> <span class='ocrx_word' id='word_1_58' title='bbox 393 979 566 1036; x_wconf 73' lang='lat' dir='ltr'>acclamatum</span> <span class='ocrx_word' id='word_1_59' title='bbox 589 980 653 1035; x_wconf 92' lang='lat' dir='ltr'><strong>mibi</strong></span> <span class='ocrx_word' id='word_1_60' title='bbox 676 1000 690 1036; x_wconf 93' lang='lat' dir='ltr'><strong>a</strong></span> <span class='ocrx_word' id='word_1_61' title='bbox 713 980 807 1054; x_wconf 68' lang='lat' dir='ltr'><strong>platee.</strong></span> 
     </span>
     <span class='ocr_line' id='line_1_8' title="bbox 182 1062 1403 1139; baseline 0.002 -22"><span class='ocrx_word' id='word_1_62' title='bbox 182 1062 444 1120; x_wconf 79' lang='lat' dir='ltr'><strong>dissimilianus.</strong></span> <span class='ocrx_word' id='word_1_63' title='bbox 482 1065 520 1121; x_wconf 89' lang='lat' dir='ltr'><strong>lta</strong></span> <span class='ocrx_word' id='word_1_64' title='bbox 543 1066 601 1139; x_wconf 89' lang='lat' dir='ltr'><strong>ipsc</strong></span> <span class='ocrx_word' id='word_1_65' title='bbox 622 1066 807 1139; x_wconf 79' lang='lat' dir='ltr'>disposueram</span> <span class='ocrx_word' id='word_1_66' title='bbox 823 1074 916 1122; x_wconf 80' lang='lat' dir='ltr'><strong>exacto</strong></span> <span class='ocrx_word' id='word_1_67' title='bbox 931 1064 1046 1122; x_wconf 86' lang='lat' dir='ltr'><strong>eorreilio</strong></span> <span class='ocrx_word' id='word_1_68' title='bbox 1062 1064 1237 1138; x_wconf 78' lang='lat' dir='ltr'><strong>bargustensi.</strong></span> <span class='ocrx_word' id='word_1_69' title='bbox 1259 1065 1403 1138; x_wconf 71' lang='lat' dir='ltr'><strong>l‘errrragni</strong></span> 
     </span>
     <span class='ocr_line' id='line_1_9' title="bbox 120 1148 893 1225; baseline 0.004 -23"><span class='ocrx_word' id='word_1_70' title='bbox 120 1164 191 1203; x_wconf 84' lang='lat' dir='ltr'><strong>rrunc</strong></span> <span class='ocrx_word' id='word_1_71' title='bbox 214 1148 312 1210; x_wconf 81' lang='lat' dir='ltr'><strong>refert,</strong></span> <span class='ocrx_word' id='word_1_72' title='bbox 336 1166 391 1223; x_wconf 89' lang='lat' dir='ltr'><strong>quo</strong></span> <span class='ocrx_word' id='word_1_73' title='bbox 414 1149 499 1225; x_wconf 88' lang='lat' dir='ltr'><strong>probe</strong></span> <span class='ocrx_word' id='word_1_74' title='bbox 522 1151 579 1207; x_wconf 81' lang='lat' dir='ltr'><strong>bac</strong></span> <span class='ocrx_word' id='word_1_75' title='bbox 602 1151 692 1206; x_wconf 86' lang='lat' dir='ltr'><strong>munia</strong></span> <span class='ocrx_word' id='word_1_76' title='bbox 714 1150 893 1206; x_wconf 76' lang='lat' dir='ltr'><strong>administres.</strong></span> 
     </span>
     <span class='ocr_line' id='line_1_10' title="bbox 182 1231 1402 1309; baseline 0.003 -23"><span class='ocrx_word' id='word_1_77' title='bbox 182 1231 336 1289; x_wconf 77' lang='lat' dir='ltr'>Carolus.</span> <span class='ocrx_word' id='word_1_78' title='bbox 374 1233 500 1291; x_wconf 82' lang='lat' dir='ltr'><strong>Felieiter</strong></span> <span class='ocrx_word' id='word_1_79' title='bbox 522 1253 648 1309; x_wconf 86' lang='lat' dir='ltr'><strong>prorsus.</strong></span> <span class='ocrx_word' id='word_1_80' title='bbox 672 1236 699 1290; x_wconf 91' lang='lat' dir='ltr'><strong>ui</strong></span> <span class='ocrx_word' id='word_1_81' title='bbox 723 1234 879 1291; x_wconf 71' lang='lat' dir='ltr'><strong>obstiterint</strong></span> <span class='ocrx_word' id='word_1_82' title='bbox 901 1236 969 1291; x_wconf 88' lang='lat' dir='ltr'><strong>lata:</strong></span> <span class='ocrx_word' id='word_1_83' title='bbox 992 1233 1077 1290; x_wconf 84' lang='lat' dir='ltr'><strong>irrirlta</strong></span> <span class='ocrx_word' id='word_1_84' title='bbox 1099 1234 1132 1290; x_wconf 89' lang='lat' dir='ltr'><strong>de</strong></span> <span class='ocrx_word' id='word_1_85' title='bbox 1155 1235 1204 1291; x_wconf 89' lang='lat' dir='ltr'><strong>bac</strong></span> <span class='ocrx_word' id='word_1_86' title='bbox 1226 1252 1255 1290; x_wconf 90' lang='lat' dir='ltr'><strong>re</strong></span> <span class='ocrx_word' id='word_1_87' title='bbox 1277 1253 1338 1290; x_wconf 91' lang='lat' dir='ltr'><strong>eum</strong></span> <span class='ocrx_word' id='word_1_88' title='bbox 1361 1235 1402 1290; x_wconf 83' lang='lat' dir='ltr'><strong>Si-</strong></span> 
     </span>
     <span class='ocr_line' id='line_1_11' title="bbox 87 1315 940 1394; baseline 0.002 -19"><span class='ocrx_word' id='word_1_89' title='bbox 87 1315 192 1391; x_wconf 75' lang='lat' dir='ltr'><strong>robylla</strong></span> <span class='ocrx_word' id='word_1_90' title='bbox 215 1317 326 1373; x_wconf 89' lang='lat' dir='ltr'><strong>collatio</strong></span> <span class='ocrx_word' id='word_1_91' title='bbox 349 1318 479 1394; x_wconf 72' lang='lat' dir='ltr'><strong>spelaeum</strong></span> <span class='ocrx_word' id='word_1_92' title='bbox 501 1321 566 1376; x_wconf 83' lang='lat' dir='ltr'><strong>milri</strong></span> <span class='ocrx_word' id='word_1_93' title='bbox 591 1328 746 1377; x_wconf 89' lang='lat' dir='ltr'><strong>transeunte</strong></span> <span class='ocrx_word' id='word_1_94' title='bbox 769 1319 940 1394; x_wconf 76' lang='lat' dir='ltr'><strong>sibyllinum.</strong></span> 
     </span>
     <span class='ocr_line' id='line_1_12' title="bbox 181 1401 1469 1479; baseline 0.003 -23"><span class='ocrx_word' id='word_1_95' title='bbox 181 1401 449 1460; x_wconf 84' lang='lat' dir='ltr'><strong>blasimilianus.</strong></span> <span class='ocrx_word' id='word_1_96' title='bbox 485 1407 520 1459; x_wconf 83' lang='lat' dir='ltr'><strong>at</strong></span> <span class='ocrx_word' id='word_1_97' title='bbox 542 1406 628 1478; x_wconf 79' lang='lat' dir='ltr'><strong>magis</strong></span> <span class='ocrx_word' id='word_1_98' title='bbox 650 1406 810 1479; x_wconf 71' lang='lat' dir='ltr'><strong>praestiterit</strong></span> <span class='ocrx_word' id='word_1_99' title='bbox 830 1404 944 1462; x_wconf 89' lang='lat' dir='ltr'><strong>consilio</strong></span> <span class='ocrx_word' id='word_1_100' title='bbox 969 1412 1098 1460; x_wconf 76' lang='lat' dir='ltr'><strong>tractasse</strong></span> <span class='ocrx_word' id='word_1_101' title='bbox 1114 1404 1271 1477; x_wconf 71' lang='lat' dir='ltr'><strong>rregireiunu</strong></span> <span class='ocrx_word' id='word_1_102' title='bbox 1293 1404 1469 1467; x_wconf 69' lang='lat' dir='ltr'><strong>obaubitu.</strong></span> 
     </span>
     <span class='ocr_line' id='line_1_13' title="bbox 118 1487 1401 1563; baseline 0.002 -22"><span class='ocrx_word' id='word_1_103' title='bbox 118 1487 252 1560; x_wconf 73' lang='lat' dir='ltr'><strong>«prrondam</strong></span> <span class='ocrx_word' id='word_1_104' title='bbox 274 1487 358 1544; x_wconf 90' lang='lat' dir='ltr'><strong>multa</strong></span> <span class='ocrx_word' id='word_1_105' title='bbox 380 1488 579 1563; x_wconf 76' lang='lat' dir='ltr'><strong>pollicebantur</strong></span> <span class='ocrx_word' id='word_1_106' title='bbox 599 1488 745 1563; x_wconf 72' lang='lat' dir='ltr'><strong>astrologi,</strong></span> <span class='ocrx_word' id='word_1_107' title='bbox 768 1498 850 1563; x_wconf 86' lang='lat' dir='ltr'><strong>atque</strong></span> <span class='ocrx_word' id='word_1_108' title='bbox 872 1491 929 1563; x_wconf 89' lang='lat' dir='ltr'><strong>ipse</strong></span> <span class='ocrx_word' id='word_1_109' title='bbox 952 1490 1062 1545; x_wconf 87' lang='lat' dir='ltr'><strong>edoctus</strong></span> <span class='ocrx_word' id='word_1_110' title='bbox 1083 1488 1259 1562; x_wconf 78' lang='lat' dir='ltr'><strong>astrologiam</strong></span> <span class='ocrx_word' id='word_1_111' title='bbox 1280 1491 1401 1563; x_wconf 82' lang='lat' dir='ltr'><strong>comperi</strong></span> 
     </span>
     <span class='ocr_line' id='line_1_14' title="bbox 119 1572 1401 1648; baseline 0.005 -24"><span class='ocrx_word' id='word_1_112' title='bbox 119 1589 209 1627; x_wconf 81' lang='lat' dir='ltr'><strong>rerum</strong></span> <span class='ocrx_word' id='word_1_113' title='bbox 232 1590 292 1628; x_wconf 91' lang='lat' dir='ltr'><strong>esse</strong></span> <span class='ocrx_word' id='word_1_114' title='bbox 316 1575 387 1648; x_wconf 86' lang='lat' dir='ltr'><strong>quod</strong></span> <span class='ocrx_word' id='word_1_115' title='bbox 411 1574 636 1637; x_wconf 74' lang='lat' dir='ltr'><strong>vaticinabantur,</strong></span> <span class='ocrx_word' id='word_1_116' title='bbox 664 1577 738 1648; x_wconf 81' lang='lat' dir='ltr'><strong>atqui</strong></span> <span class='ocrx_word' id='word_1_117' title='bbox 768 1574 911 1631; x_wconf 90' lang='lat' dir='ltr'><strong>consilium</strong></span> <span class='ocrx_word' id='word_1_118' title='bbox 934 1591 989 1630; x_wconf 83' lang='lat' dir='ltr'><strong>arou</strong></span> <span class='ocrx_word' id='word_1_119' title='bbox 1011 1572 1120 1630; x_wconf 78' lang='lat' dir='ltr'><strong>adhibui</strong></span> <span class='ocrx_word' id='word_1_120' title='bbox 1144 1583 1171 1629; x_wconf 90' lang='lat' dir='ltr'><strong>et</strong></span> <span class='ocrx_word' id='word_1_121' title='bbox 1193 1591 1286 1648; x_wconf 89' lang='lat' dir='ltr'><strong>parum</strong></span> <span class='ocrx_word' id='word_1_122' title='bbox 1309 1574 1401 1630; x_wconf 90' lang='lat' dir='ltr'><strong>admu-</strong></span> 
     </span>
     <span class='ocr_line' id='line_1_15' title="bbox 119 1657 1357 1734; baseline 0.002 -24"><span class='ocrx_word' id='word_1_123' title='bbox 119 1657 182 1711; x_wconf 92' lang='lat' dir='ltr'><strong>dum</strong></span> <span class='ocrx_word' id='word_1_124' title='bbox 205 1658 323 1730; x_wconf 83' lang='lat' dir='ltr'><strong>proieci,</strong></span> <span class='ocrx_word' id='word_1_125' title='bbox 346 1676 434 1732; x_wconf 73' lang='lat' dir='ltr'><strong>nequae</strong></span> <span class='ocrx_word' id='word_1_126' title='bbox 457 1659 638 1715; x_wconf 78' lang='lat' dir='ltr'><strong>obaudiebant</strong></span> <span class='ocrx_word' id='word_1_127' title='bbox 659 1660 811 1734; x_wconf 81' lang='lat' dir='ltr'><strong>Principes:</strong></span> <span class='ocrx_word' id='word_1_128' title='bbox 836 1669 864 1715; x_wconf 92' lang='lat' dir='ltr'><strong>tu</strong></span> <span class='ocrx_word' id='word_1_129' title='bbox 887 1677 918 1715; x_wconf 83' lang='lat' dir='ltr'><strong>en</strong></span> <span class='ocrx_word' id='word_1_130' title='bbox 941 1677 1001 1715; x_wconf 77' lang='grc' dir='ltr'>ιιιιιι</span> <span class='ocrx_word' id='word_1_131' title='bbox 1024 1658 1145 1732; x_wconf 93' lang='lat' dir='ltr'><strong>periculo</strong></span> <span class='ocrx_word' id='word_1_132' title='bbox 1168 1676 1239 1714; x_wconf 84' lang='lat' dir='ltr'><strong>riurre</strong></span> <span class='ocrx_word' id='word_1_133' title='bbox 1260 1660 1357 1732; x_wconf 88' lang='lat' dir='ltr'><strong>sapito.</strong></span> 
     </span>
     <span class='ocr_line' id='line_1_16' title="bbox 87 1741 1471 1819; baseline 0.003 -20"><span class='ocrx_word' id='word_1_134' title='bbox 87 1759 108 1799; x_wconf 80' lang='lat' dir='ltr'><strong>ts</strong></span> <span class='ocrx_word' id='word_1_135' title='bbox 183 1741 341 1798; x_wconf 90' lang='lat' dir='ltr'><strong>Carolus.</strong></span> <span class='ocrx_word' id='word_1_136' title='bbox 374 1743 493 1800; x_wconf 90' lang='lat' dir='ltr'><strong>Consilio</strong></span> <span class='ocrx_word' id='word_1_137' title='bbox 508 1754 535 1800; x_wconf 91' lang='lat' dir='ltr'><strong>et</strong></span> <span class='ocrx_word' id='word_1_138' title='bbox 550 1745 692 1819; x_wconf 88' lang='lat' dir='ltr'><strong>prmlentia</strong></span> <span class='ocrx_word' id='word_1_139' title='bbox 707 1745 915 1819; x_wconf 87' lang='lat' dir='ltr'><strong>dispensandmn</strong></span> <span class='ocrx_word' id='word_1_140' title='bbox 931 1762 991 1799; x_wconf 90' lang='lat' dir='ltr'><strong>esse</strong></span> <span class='ocrx_word' id='word_1_141' title='bbox 1006 1745 1059 1799; x_wconf 92' lang='lat' dir='ltr'><strong>ais:</strong></span> <span class='ocrx_word' id='word_1_142' title='bbox 1082 1743 1128 1799; x_wconf 92' lang='lat' dir='ltr'><strong>sed</strong></span> <span class='ocrx_word' id='word_1_143' title='bbox 1144 1761 1273 1817; x_wconf 83' lang='lat' dir='ltr'><strong>quorsum</strong></span> <span class='ocrx_word' id='word_1_144' title='bbox 1290 1746 1401 1817; x_wconf 69' lang='lat' dir='ltr'><strong>apriano?</strong></span> <span class='ocrx_word' id='word_1_145' title='bbox 1412 1758 1471 1808; x_wconf 69' lang='lat' dir='ltr'><strong>§.ert</strong></span> 
     </span>
     <span class='ocr_line' id='line_1_17' title="bbox 118 1825 585 1903; baseline 0.011 -23"><span class='ocrx_word' id='word_1_146' title='bbox 118 1825 267 1882; x_wconf 89' lang='lat' dir='ltr'><strong>aulicorum</strong></span> <span class='ocrx_word' id='word_1_147' title='bbox 291 1845 337 1889; x_wconf 87' lang='lat' dir='ltr'><strong>ne,</strong></span> <span class='ocrx_word' id='word_1_148' title='bbox 360 1846 393 1883; x_wconf 92' lang='lat' dir='ltr'><strong>an</strong></span> <span class='ocrx_word' id='word_1_149' title='bbox 416 1829 585 1903; x_wconf 76' lang='lat' dir='ltr'><strong>principum?</strong></span> 
     </span>
     <span class='ocr_line' id='line_1_18' title="bbox 182 1911 1360 1988; baseline 0.001 -23"><span class='ocrx_word' id='word_1_150' title='bbox 182 1911 448 1969; x_wconf 83' lang='lat' dir='ltr'><strong>llarimilianus.</strong></span> <span class='ocrx_word' id='word_1_151' title='bbox 486 1914 543 1970; x_wconf 79' lang='lat' dir='ltr'><strong>ll&#39;on</strong></span> <span class='ocrx_word' id='word_1_152' title='bbox 565 1924 641 1976; x_wconf 86' lang='lat' dir='ltr'><strong>veto,</strong></span> <span class='ocrx_word' id='word_1_153' title='bbox 664 1914 769 1971; x_wconf 78' lang='lat' dir='ltr'><strong>malleus</strong></span> <span class='ocrx_word' id='word_1_154' title='bbox 794 1923 882 1969; x_wconf 88' lang='lat' dir='ltr'><strong>tamen</strong></span> <span class='ocrx_word' id='word_1_155' title='bbox 905 1913 1025 1988; x_wconf 78' lang='lat' dir='ltr'><strong>praelatis</strong></span> <span class='ocrx_word' id='word_1_156' title='bbox 1047 1913 1182 1988; x_wconf 81' lang='lat' dir='ltr'><strong>aliipiibus</strong></span> <span class='ocrx_word' id='word_1_157' title='bbox 1205 1913 1360 1985; x_wconf 69' lang='lat' dir='ltr'><strong>&#39;l&#39;beolopis</strong></span> 
     </span>
     <span class='ocr_line' id='line_1_19' title="bbox 183 1996 1403 2074; baseline 0.001 -23"><span class='ocrx_word' id='word_1_158' title='bbox 183 1996 340 2053; x_wconf 81' lang='lat' dir='ltr'><strong>Carolus.</strong></span> <span class='ocrx_word' id='word_1_159' title='bbox 379 1999 449 2072; x_wconf 86' lang='lat' dir='ltr'><strong>Pape</strong></span> <span class='ocrx_word' id='word_1_160' title='bbox 472 1999 642 2072; x_wconf 79' lang='lat' dir='ltr'><strong>Theoliigos!</strong></span> <span class='ocrx_word' id='word_1_161' title='bbox 673 2000 720 2074; x_wconf 78' lang='lat' dir='ltr'><strong>spu</strong></span> <span class='ocrx_word' id='word_1_162' title='bbox 749 2016 866 2073; x_wconf 86' lang='lat' dir='ltr'><strong>unquam</strong></span> <span class='ocrx_word' id='word_1_163' title='bbox 896 1998 1034 2054; x_wconf 84' lang='lat' dir='ltr'><strong>crudelius</strong></span> <span class='ocrx_word' id='word_1_164' title='bbox 1064 1999 1260 2072; x_wconf 80' lang='lat' dir='ltr'><strong>immaniusque</strong></span> <span class='ocrx_word' id='word_1_165' title='bbox 1288 1998 1403 2071; x_wconf 88' lang='lat' dir='ltr'><strong>impera·</strong></span> 
     </span>
     <span class='ocr_line' id='line_1_20' title="bbox 120 2083 1403 2158; baseline 0.002 -23"><span class='ocrx_word' id='word_1_166' title='bbox 120 2089 184 2137; x_wconf 80' lang='lat' dir='ltr'><strong>rum</strong></span> <span class='ocrx_word' id='word_1_167' title='bbox 206 2100 285 2155; x_wconf 83' lang='lat' dir='ltr'><strong>quam</strong></span> <span class='ocrx_word' id='word_1_168' title='bbox 309 2083 483 2157; x_wconf 80' lang='lat' dir='ltr'><strong>pbilosopbi&#39;t</strong></span> <span class='ocrx_word' id='word_1_169' title='bbox 513 2085 576 2157; x_wconf 74' lang='lat' dir='ltr'><strong>apud</strong></span> <span class='ocrx_word' id='word_1_170' title='bbox 599 2084 681 2140; x_wconf 81' lang='lat' dir='ltr'><strong>blaisis</strong></span> <span class='ocrx_word' id='word_1_171' title='bbox 703 2093 730 2139; x_wconf 91' lang='lat' dir='ltr'><strong>et</strong></span> <span class='ocrx_word' id='word_1_172' title='bbox 753 2084 836 2140; x_wconf 87' lang='lat' dir='ltr'><strong>sacris</strong></span> <span class='ocrx_word' id='word_1_173' title='bbox 859 2102 919 2140; x_wconf 80' lang='lat' dir='ltr'><strong>carru</strong></span> <span class='ocrx_word' id='word_1_174' title='bbox 949 2084 1049 2140; x_wconf 81' lang='lat' dir='ltr'><strong>armis?</strong></span> <span class='ocrx_word' id='word_1_175' title='bbox 1077 2086 1186 2158; x_wconf 90' lang='lat' dir='ltr'><strong>sapiunt</strong></span> <span class='ocrx_word' id='word_1_176' title='bbox 1215 2083 1335 2156; x_wconf 76' lang='lat' dir='ltr'><strong>uiridem,</strong></span> <span class='ocrx_word' id='word_1_177' title='bbox 1365 2084 1403 2138; x_wconf 88' lang='lat' dir='ltr'><strong>la-</strong></span> 
     </span>
     <span class='ocr_line' id='line_1_21' title="bbox 84 2169 644 2227; baseline 0.005 -7"><span class='ocrx_word' id='word_1_178' title='bbox 84 2176 196 2227; x_wconf 84' lang='lat' dir='ltr'><strong>auteur,</strong></span> <span class='ocrx_word' id='word_1_179' title='bbox 221 2184 249 2222; x_wconf 90' lang='lat' dir='ltr'><strong>rc</strong></span> <span class='ocrx_word' id='word_1_180' title='bbox 272 2176 361 2224; x_wconf 84' lang='lat' dir='ltr'><strong>autern</strong></span> <span class='ocrx_word' id='word_1_181' title='bbox 385 2186 446 2225; x_wconf 83' lang='lat' dir='ltr'><strong>vera</strong></span> <span class='ocrx_word' id='word_1_182' title='bbox 469 2169 550 2224; x_wconf 89' lang='lat' dir='ltr'><strong>rudes</strong></span> <span class='ocrx_word' id='word_1_183' title='bbox 572 2178 644 2225; x_wconf 89' lang='lat' dir='ltr'><strong>sunt.</strong></span> 
     </span>
     <span class='ocr_line' id='line_1_22' title="bbox 180 2251 1403 2328; baseline 0.002 -23"><span class='ocrx_word' id='word_1_184' title='bbox 180 2251 204 2306; x_wconf 84' lang='lat' dir='ltr'><strong>bl</strong></span> <span class='ocrx_word' id='word_1_185' title='bbox 213 2251 370 2307; x_wconf 84' lang='lat' dir='ltr'><strong>asirrrilia</strong></span> <span class='ocrx_word' id='word_1_186' title='bbox 378 2272 395 2309; x_wconf 94' lang='lat' dir='ltr'><strong>u</strong></span> <span class='ocrx_word' id='word_1_187' title='bbox 404 2272 419 2308; x_wconf 97' lang='grc' dir='ltr'><strong>ιι</strong></span> <span class='ocrx_word' id='word_1_188' title='bbox 428 2273 449 2308; x_wconf 90' lang='lat' dir='ltr'><strong>s.</strong></span> <span class='ocrx_word' id='word_1_189' title='bbox 487 2254 597 2315; x_wconf 87' lang='lat' dir='ltr'><strong>Critias,</strong></span> <span class='ocrx_word' id='word_1_190' title='bbox 621 2253 762 2310; x_wconf 75' lang='lat' dir='ltr'><strong>Aristones</strong></span> <span class='ocrx_word' id='word_1_191' title='bbox 785 2254 1004 2328; x_wconf 83' lang='lat' dir='ltr'><strong>dtlienionesque</strong></span> <span class='ocrx_word' id='word_1_192' title='bbox 1027 2262 1108 2328; x_wconf 89' lang='lat' dir='ltr'><strong>putas</strong></span> <span class='ocrx_word' id='word_1_193' title='bbox 1124 2253 1219 2309; x_wconf 76' lang='lat' dir='ltr'><strong>selim?</strong></span> <span class='ocrx_word' id='word_1_194' title='bbox 1243 2271 1333 2309; x_wconf 76' lang='lat' dir='ltr'><strong>versun</strong></span> <span class='ocrx_word' id='word_1_195' title='bbox 1350 2270 1403 2309; x_wconf 76' lang='lat' dir='ltr'><strong>uem</strong></span> 
     </span>
     <span class='ocr_line' id='line_1_23' title="bbox 119 2337 1405 2413; baseline 0.002 -22"><span class='ocrx_word' id='word_1_196' title='bbox 119 2337 168 2391; x_wconf 86' lang='lat' dir='ltr'><strong>bos</strong></span> <span class='ocrx_word' id='word_1_197' title='bbox 192 2337 374 2400; x_wconf 82' lang='lat' dir='ltr'><strong>Scotorellos,</strong></span> <span class='ocrx_word' id='word_1_198' title='bbox 397 2339 566 2400; x_wconf 59' lang='lat' dir='ltr'><strong>ottrannus,</strong></span> <span class='ocrx_word' id='word_1_199' title='bbox 596 2339 757 2395; x_wconf 78' lang='lat' dir='ltr'><strong>Alliertistas</strong></span> <span class='ocrx_word' id='word_1_200' title='bbox 780 2347 807 2394; x_wconf 88' lang='lat' dir='ltr'><strong>et</strong></span> <span class='ocrx_word' id='word_1_201' title='bbox 830 2339 982 2395; x_wconf 82' lang='lat' dir='ltr'><strong>&#39;llurmistas</strong></span> <span class='ocrx_word' id='word_1_202' title='bbox 1005 2340 1086 2413; x_wconf 86' lang='lat' dir='ltr'><strong>cupio</strong></span> <span class='ocrx_word' id='word_1_203' title='bbox 1109 2338 1243 2400; x_wconf 80' lang='lat' dir='ltr'><strong>aulbibcri.</strong></span> <span class='ocrx_word' id='word_1_204' title='bbox 1267 2339 1313 2412; x_wconf 85' lang='lat' dir='ltr'><strong>qui</strong></span> <span class='ocrx_word' id='word_1_205' title='bbox 1337 2355 1405 2412; x_wconf 74' lang='lat' dir='ltr'><strong>prae·</strong></span> 
     </span>
     <span class='ocr_line' id='line_1_24' title="bbox 119 2421 1405 2497; baseline -0.002 -21"><span class='ocrx_word' id='word_1_206' title='bbox 119 2430 160 2476; x_wconf 89' lang='lat' dir='ltr'><strong>ter</strong></span> <span class='ocrx_word' id='word_1_207' title='bbox 183 2421 279 2477; x_wconf 85' lang='lat' dir='ltr'><strong>lalsuur</strong></span> <span class='ocrx_word' id='word_1_208' title='bbox 303 2442 333 2478; x_wconf 92' lang='lat' dir='ltr'><strong>ac</strong></span> <span class='ocrx_word' id='word_1_209' title='bbox 355 2424 475 2479; x_wconf 81' lang='lat' dir='ltr'><strong>furatum</strong></span> <span class='ocrx_word' id='word_1_210' title='bbox 502 2422 611 2480; x_wconf 90' lang='lat' dir='ltr'><strong>titulum</strong></span> <span class='ocrx_word' id='word_1_211' title='bbox 634 2423 701 2479; x_wconf 91' lang='lat' dir='ltr'><strong>nihil</strong></span> <span class='ocrx_word' id='word_1_212' title='bbox 725 2442 841 2497; x_wconf 74' lang='lat' dir='ltr'><strong>tranquaut</strong></span> <span class='ocrx_word' id='word_1_213' title='bbox 858 2425 1008 2497; x_wconf 72' lang='lat' dir='ltr'><strong>attigerunt</strong></span> <span class='ocrx_word' id='word_1_214' title='bbox 1022 2424 1153 2479; x_wconf 80' lang='lat' dir='ltr'><strong>ilortriuaa</strong></span> <span class='ocrx_word' id='word_1_215' title='bbox 1169 2442 1255 2487; x_wconf 59' lang='lat' dir='ltr'><strong>sanam</strong></span> <span class='ocrx_word' id='word_1_216' title='bbox 1279 2423 1324 2478; x_wconf 90' lang='lat' dir='ltr'><strong>sed</strong></span> <span class='ocrx_word' id='word_1_217' title='bbox 1341 2440 1405 2496; x_wconf 78' lang='lat' dir='ltr'><strong>pirri·</strong></span> 
     </span>
     <span class='ocr_line' id='line_1_25' title="bbox 120 2506 1405 2582; baseline 0 -20"><span class='ocrx_word' id='word_1_218' title='bbox 120 2506 215 2567; x_wconf 86' lang='lat' dir='ltr'><strong>batos,</strong></span> <span class='ocrx_word' id='word_1_219' title='bbox 244 2507 290 2562; x_wconf 88' lang='lat' dir='ltr'><strong>sed</strong></span> <span class='ocrx_word' id='word_1_220' title='bbox 322 2509 396 2581; x_wconf 83' lang='lat' dir='ltr'><strong>pios.</strong></span> <span class='ocrx_word' id='word_1_221' title='bbox 426 2509 471 2582; x_wconf 82' lang='lat' dir='ltr'><strong>qtti</strong></span> <span class='ocrx_word' id='word_1_222' title='bbox 503 2519 619 2564; x_wconf 84' lang='lat' dir='ltr'><strong>retorem</strong></span> <span class='ocrx_word' id='word_1_223' title='bbox 643 2508 714 2565; x_wconf 90' lang='lat' dir='ltr'><strong>illam</strong></span> <span class='ocrx_word' id='word_1_224' title='bbox 737 2526 876 2564; x_wconf 88' lang='lat' dir='ltr'><strong>sacrorum</strong></span> <span class='ocrx_word' id='word_1_225' title='bbox 899 2509 987 2564; x_wconf 74' lang='lat' dir='ltr'><strong>‹ultro-ti</strong></span> <span class='ocrx_word' id='word_1_226' title='bbox 1011 2509 1148 2565; x_wconf 83' lang='lat' dir='ltr'><strong>scientiam</strong></span> <span class='ocrx_word' id='word_1_227' title='bbox 1171 2508 1313 2565; x_wconf 92' lang='lat' dir='ltr'><strong>consilium</strong></span> <span class='ocrx_word' id='word_1_228' title='bbox 1337 2525 1405 2580; x_wconf 73' lang='lat' dir='ltr'><strong>praa·</strong></span> 
     </span>
     <span class='ocr_line' id='line_1_26' title="bbox 85 2591 1404 2668; baseline 0.004 -26"><span class='ocrx_word' id='word_1_229' title='bbox 85 2591 243 2653; x_wconf 75' lang='lat' dir='ltr'><strong>restabant,</strong></span> <span class='ocrx_word' id='word_1_230' title='bbox 274 2610 329 2665; x_wconf 83' lang='lat' dir='ltr'><strong>quo</strong></span> <span class='ocrx_word' id='word_1_231' title='bbox 351 2594 457 2650; x_wconf 74' lang='lat' dir='ltr'><strong>niernum</strong></span> <span class='ocrx_word' id='word_1_232' title='bbox 481 2595 512 2650; x_wconf 90' lang='lat' dir='ltr'><strong>ad</strong></span> <span class='ocrx_word' id='word_1_233' title='bbox 535 2595 648 2668; x_wconf 91' lang='lat' dir='ltr'><strong>primam</strong></span> <span class='ocrx_word' id='word_1_234' title='bbox 671 2592 743 2650; x_wconf 90' lang='lat' dir='ltr'><strong>illam</strong></span> <span class='ocrx_word' id='word_1_235' title='bbox 765 2603 793 2650; x_wconf 92' lang='lat' dir='ltr'><strong>et</strong></span> <span class='ocrx_word' id='word_1_236' title='bbox 821 2594 1056 2650; x_wconf 78' lang='lat' dir='ltr'><strong>iueoutarnirmtruu</strong></span> <span class='ocrx_word' id='word_1_237' title='bbox 1079 2596 1239 2650; x_wconf 81' lang='lat' dir='ltr'><strong>Saraetorum</strong></span> <span class='ocrx_word' id='word_1_238' title='bbox 1269 2594 1347 2649; x_wconf 82' lang='lat' dir='ltr'><strong>sitam</strong></span> <span class='ocrx_word' id='word_1_239' title='bbox 1376 2600 1404 2647; x_wconf 88' lang='lat' dir='ltr'><strong>et</strong></span> 
     </span>
     <span class='ocr_line' id='line_1_27' title="bbox 119 2675 698 2736; baseline 0.005 -5"><span class='ocrx_word' id='word_1_240' title='bbox 119 2675 240 2731; x_wconf 66' lang='lat' dir='ltr'><strong>ecelesias</strong></span> <span class='ocrx_word' id='word_1_241' title='bbox 263 2678 530 2736; x_wconf 86' lang='lat' dir='ltr'><strong>senatusconsultum</strong></span> <span class='ocrx_word' id='word_1_242' title='bbox 553 2688 698 2734; x_wconf 85' lang='lat' dir='ltr'><strong>restauras.</strong></span> 
     </span>
     <span class='ocr_line' id='line_1_28' title="bbox 181 2762 1470 2838; baseline 0.002 -22"><span class='ocrx_word' id='word_1_243' title='bbox 181 2762 335 2818; x_wconf 88' lang='lat' dir='ltr'><strong>Carolus.</strong></span> <span class='ocrx_word' id='word_1_244' title='bbox 372 2762 509 2819; x_wconf 82' lang='lat' dir='ltr'><strong>Fabricios</strong></span> <span class='ocrx_word' id='word_1_245' title='bbox 532 2774 625 2838; x_wconf 86' lang='lat' dir='ltr'><strong>putas,</strong></span> <span class='ocrx_word' id='word_1_246' title='bbox 648 2762 785 2825; x_wconf 81' lang='lat' dir='ltr'><strong>Erasmos‚</strong></span> <span class='ocrx_word' id='word_1_247' title='bbox 809 2773 837 2819; x_wconf 87' lang='lat' dir='ltr'><strong>ct</strong></span> <span class='ocrx_word' id='word_1_248' title='bbox 858 2764 1021 2838; x_wconf 90' lang='lat' dir='ltr'><strong>Capnioucs‚</strong></span> <span class='ocrx_word' id='word_1_249' title='bbox 1045 2764 1252 2838; x_wconf 81' lang='lat' dir='ltr'><strong>Lutberosqne&#39;!</strong></span> <span class='ocrx_word' id='word_1_250' title='bbox 1411 2772 1470 2821; x_wconf 68' lang='lat' dir='ltr'><strong>tte.</strong></span> 
     </span>
     <span class='ocr_line' id='line_1_29' title="bbox 182 2846 647 2922; baseline 0.006 -21"><span class='ocrx_word' id='word_1_251' title='bbox 182 2846 451 2903; x_wconf 82' lang='lat' dir='ltr'><strong>llasiruiliauus.</strong></span> <span class='ocrx_word' id='word_1_252' title='bbox 489 2847 541 2904; x_wconf 69' lang='lat' dir='ltr'><strong>llos</strong></span> <span class='ocrx_word' id='word_1_253' title='bbox 564 2848 647 2922; x_wconf 88' lang='lat' dir='ltr'><strong>ipsos,</strong></span> 
     </span>
     <span class='ocr_line' id='line_1_30' title="bbox 183 2932 1381 3007; baseline 0 -20"><span class='ocrx_word' id='word_1_254' title='bbox 183 2932 341 2988; x_wconf 87' lang='lat' dir='ltr'><strong>Carolus.</strong></span> <span class='ocrx_word' id='word_1_255' title='bbox 379 2935 412 2988; x_wconf 80' lang='lat' dir='ltr'><strong>tt</strong></span> <span class='ocrx_word' id='word_1_256' title='bbox 436 2934 468 2988; x_wconf 92' lang='lat' dir='ltr'><strong>iis</strong></span> <span class='ocrx_word' id='word_1_257' title='bbox 490 2934 613 2989; x_wconf 86' lang='lat' dir='ltr'><strong>mouaclri</strong></span> <span class='ocrx_word' id='word_1_258' title='bbox 636 2943 701 2989; x_wconf 92' lang='lat' dir='ltr'><strong>sunt</strong></span> <span class='ocrx_word' id='word_1_259' title='bbox 724 2934 833 2990; x_wconf 83' lang='lat' dir='ltr'><strong>ouinino</strong></span> <span class='ocrx_word' id='word_1_260' title='bbox 857 2934 965 2994; x_wconf 88' lang='lat' dir='ltr'><strong>iulesti.</strong></span> <span class='ocrx_word' id='word_1_261' title='bbox 988 2943 1016 2989; x_wconf 88' lang='lat' dir='ltr'><strong>et</strong></span> <span class='ocrx_word' id='word_1_262' title='bbox 1039 2934 1183 2991; x_wconf 82' lang='lat' dir='ltr'><strong>lmuetrcos</strong></span> <span class='ocrx_word' id='word_1_263' title='bbox 1206 2933 1381 3007; x_wconf 78' lang='lat' dir='ltr'><strong>prirdamant.</strong></span> 
     </span>
     <span class='ocr_line' id='line_1_31' title="bbox 84 3016 1404 3092; baseline 0.002 -22"><span class='ocrx_word' id='word_1_264' title='bbox 84 3032 110 3070; x_wconf 86' lang='lat' dir='ltr'><strong>so</strong></span> <span class='ocrx_word' id='word_1_265' title='bbox 183 3016 450 3074; x_wconf 82' lang='lat' dir='ltr'><strong>blasimilianus.</strong></span> <span class='ocrx_word' id='word_1_266' title='bbox 488 3018 579 3092; x_wconf 75' lang='lat' dir='ltr'><strong>Neque</strong></span> <span class='ocrx_word' id='word_1_267' title='bbox 608 3019 754 3075; x_wconf 83' lang='lat' dir='ltr'><strong>tuottacbus</strong></span> <span class='ocrx_word' id='word_1_268' title='bbox 783 3019 904 3074; x_wconf 85' lang='lat' dir='ltr'><strong>adbiberi</strong></span> <span class='ocrx_word' id='word_1_269' title='bbox 932 3019 1012 3075; x_wconf 85' lang='lat' dir='ltr'><strong>iubeo</strong></span> <span class='ocrx_word' id='word_1_270' title='bbox 1040 3019 1071 3074; x_wconf 90' lang='lat' dir='ltr'><strong>ad</strong></span> <span class='ocrx_word' id='word_1_271' title='bbox 1102 3019 1153 3075; x_wconf 90' lang='lat' dir='ltr'><strong>boc</strong></span> <span class='ocrx_word' id='word_1_272' title='bbox 1175 3016 1332 3078; x_wconf 86' lang='lat' dir='ltr'><strong>corrsilium,</strong></span> <span class='ocrx_word' id='word_1_273' title='bbox 1362 3027 1404 3073; x_wconf 86' lang='lat' dir='ltr'><strong>ut·</strong></span> 
     </span>
     <span class='ocr_line' id='line_1_32' title="bbox 113 3102 1137 3177; baseline 0.001 -22"><span class='ocrx_word' id='word_1_274' title='bbox 113 3107 185 3176; x_wconf 81' lang='lat' dir='ltr'><strong>&#39;prote</strong></span> <span class='ocrx_word' id='word_1_275' title='bbox 208 3104 279 3175; x_wconf 78' lang='lat' dir='ltr'><strong>arpird</strong></span> <span class='ocrx_word' id='word_1_276' title='bbox 303 3121 372 3176; x_wconf 78' lang='lat' dir='ltr'><strong>apros</strong></span> <span class='ocrx_word' id='word_1_277' title='bbox 395 3104 432 3160; x_wconf 91' lang='lat' dir='ltr'><strong>sit</strong></span> <span class='ocrx_word' id='word_1_278' title='bbox 453 3104 662 3159; x_wconf 81' lang='lat' dir='ltr'><strong>cerimoniarum</strong></span> <span class='ocrx_word' id='word_1_279' title='bbox 686 3102 814 3165; x_wconf 81' lang='lat' dir='ltr'><strong>intritum,</strong></span> <span class='ocrx_word' id='word_1_280' title='bbox 838 3104 946 3177; x_wconf 86' lang='lat' dir='ltr'><strong>pietatis</strong></span> <span class='ocrx_word' id='word_1_281' title='bbox 970 3121 1039 3159; x_wconf 78' lang='lat' dir='ltr'><strong>verae</strong></span> <span class='ocrx_word' id='word_1_282' title='bbox 1062 3102 1137 3158; x_wconf 91' lang='lat' dir='ltr'><strong>nibil.</strong></span> 
     </span>
     <span class='ocr_line' id='line_1_33' title="bbox 181 3187 1168 3262; baseline 0.004 -24"><span class='ocrx_word' id='word_1_283' title='bbox 181 3188 335 3244; x_wconf 90' lang='lat' dir='ltr'><strong>Carolus.</strong></span> <span class='ocrx_word' id='word_1_284' title='bbox 358 3189 427 3256; x_wconf 79' lang='lat' dir='ltr'><strong>Quid</strong></span> <span class='ocrx_word' id='word_1_285' title='bbox 450 3206 504 3244; x_wconf 91' lang='lat' dir='ltr'><strong>uon</strong></span> <span class='ocrx_word' id='word_1_286' title='bbox 527 3189 578 3244; x_wconf 88' lang='lat' dir='ltr'><strong>boc</strong></span> <span class='ocrx_word' id='word_1_287' title='bbox 602 3190 659 3262; x_wconf 87' lang='lat' dir='ltr'><strong>ipso</strong></span> <span class='ocrx_word' id='word_1_288' title='bbox 682 3187 793 3243; x_wconf 77' lang='lat' dir='ltr'><strong>insolitus</strong></span> <span class='ocrx_word' id='word_1_289' title='bbox 815 3206 845 3243; x_wconf 89' lang='lat' dir='ltr'><strong>es</strong></span> <span class='ocrx_word' id='word_1_290' title='bbox 868 3189 953 3243; x_wconf 90' lang='lat' dir='ltr'><strong>adlnu·</strong></span> <span class='ocrx_word' id='word_1_291' title='bbox 977 3189 1003 3243; x_wconf 95' lang='lat' dir='ltr'><strong>iu</strong></span> <span class='ocrx_word' id='word_1_292' title='bbox 1026 3188 1168 3243; x_wconf 83' lang='lat' dir='ltr'><strong>liuumnis?</strong></span> 
     </span>
     <span class='ocr_line' id='line_1_34' title="bbox 182 3270 1470 3346; baseline 0.002 -20"><span class='ocrx_word' id='word_1_293' title='bbox 182 3271 448 3329; x_wconf 82' lang='lat' dir='ltr'><strong>llasirniliauus.</strong></span> <span class='ocrx_word' id='word_1_294' title='bbox 485 3276 602 3328; x_wconf 63' lang='lat' dir='ltr'><strong>tiresiatus</strong></span> <span class='ocrx_word' id='word_1_295' title='bbox 625 3290 685 3328; x_wconf 80' lang='lat' dir='ltr'><strong>suut</strong></span> <span class='ocrx_word' id='word_1_296' title='bbox 707 3271 866 3345; x_wconf 83' lang='lat' dir='ltr'><strong>aliquoties.</strong></span> <span class='ocrx_word' id='word_1_297' title='bbox 897 3290 983 3346; x_wconf 80' lang='lat' dir='ltr'><strong>twqtte</strong></span> <span class='ocrx_word' id='word_1_298' title='bbox 1007 3273 1031 3327; x_wconf 93' lang='lat' dir='ltr'><strong>id</strong></span> <span class='ocrx_word' id='word_1_299' title='bbox 1055 3270 1137 3327; x_wconf 86' lang='lat' dir='ltr'><strong>seuul</strong></span> <span class='ocrx_word' id='word_1_300' title='bbox 1161 3281 1187 3327; x_wconf 89' lang='lat' dir='ltr'><strong>et</strong></span> <span class='ocrx_word' id='word_1_301' title='bbox 1211 3273 1323 3332; x_wconf 78' lang='lat' dir='ltr'><strong>iterum,</strong></span> <span class='ocrx_word' id='word_1_302' title='bbox 1353 3273 1399 3328; x_wconf 90' lang='lat' dir='ltr'><strong>sed</strong></span> <span class='ocrx_word' id='word_1_303' title='bbox 1412 3284 1470 3332; x_wconf 71' lang='lat' dir='ltr'><strong>§.aa</strong></span> 
     </span>
     <span class='ocr_line' id='line_1_35' title="bbox 118 3357 1402 3433; baseline -0.001 -23"><span class='ocrx_word' id='word_1_304' title='bbox 118 3357 221 3411; x_wconf 80' lang='lat' dir='ltr'><strong>ilecies:</strong></span> <span class='ocrx_word' id='word_1_305' title='bbox 245 3359 309 3431; x_wconf 88' lang='lat' dir='ltr'><strong>quid</strong></span> <span class='ocrx_word' id='word_1_306' title='bbox 333 3376 386 3414; x_wconf 81' lang='lat' dir='ltr'><strong>tion</strong></span> <span class='ocrx_word' id='word_1_307' title='bbox 410 3358 539 3433; x_wconf 85' lang='lat' dir='ltr'><strong>periculi.</strong></span> <span class='ocrx_word' id='word_1_308' title='bbox 568 3358 603 3414; x_wconf 94' lang='lat' dir='ltr'><strong>dii</strong></span> <span class='ocrx_word' id='word_1_309' title='bbox 627 3357 705 3421; x_wconf 82' lang='lat' dir='ltr'><strong>botri,</strong></span> <span class='ocrx_word' id='word_1_310' title='bbox 730 3375 788 3413; x_wconf 85' lang='lat' dir='ltr'><strong>suin</strong></span> <span class='ocrx_word' id='word_1_311' title='bbox 811 3364 958 3430; x_wconf 73' lang='lat' dir='ltr'><strong>expertus?</strong></span> <span class='ocrx_word' id='word_1_312' title='bbox 989 3365 1056 3430; x_wconf 77' lang='lat' dir='ltr'><strong>sprot</strong></span> <span class='ocrx_word' id='word_1_313' title='bbox 1080 3357 1204 3418; x_wconf 82' lang='lat' dir='ltr'><strong>iusidias.</strong></span> <span class='ocrx_word' id='word_1_314' title='bbox 1234 3364 1302 3430; x_wconf 76' lang='lat' dir='ltr'><strong>sparsit</strong></span> <span class='ocrx_word' id='word_1_315' title='bbox 1325 3374 1402 3411; x_wconf 81' lang='lat' dir='ltr'><strong>serre·</strong></span> 
     </span>
     <span class='ocr_line' id='line_1_36' title="bbox 85 3440 1358 3516; baseline 0.003 -26"><span class='ocrx_word' id='word_1_316' title='bbox 85 3442 194 3502; x_wconf 68' lang='lat' dir='ltr'><strong>:salicia</strong></span> <span class='ocrx_word' id='word_1_317' title='bbox 219 3443 448 3499; x_wconf 75' lang='lat' dir='ltr'><strong>machinationes?</strong></span> <span class='ocrx_word' id='word_1_318' title='bbox 471 3460 559 3516; x_wconf 82' lang='lat' dir='ltr'><strong>rrrqrie</strong></span> <span class='ocrx_word' id='word_1_319' title='bbox 582 3450 751 3497; x_wconf 83' lang='lat' dir='ltr'><strong>eranctasseur</strong></span> <span class='ocrx_word' id='word_1_320' title='bbox 775 3450 875 3503; x_wconf 83' lang='lat' dir='ltr'><strong>taratra,</strong></span> <span class='ocrx_word' id='word_1_321' title='bbox 899 3442 925 3496; x_wconf 94' lang='lat' dir='ltr'><strong>ni</strong></span> <span class='ocrx_word' id='word_1_322' title='bbox 950 3441 1101 3497; x_wconf 82' lang='lat' dir='ltr'><strong>obstitisset</strong></span> <span class='ocrx_word' id='word_1_323' title='bbox 1122 3440 1206 3496; x_wconf 90' lang='lat' dir='ltr'><strong>lulius</strong></span> <span class='ocrx_word' id='word_1_324' title='bbox 1228 3441 1358 3515; x_wconf 81' lang='lat' dir='ltr'><strong>purrrtiler.</strong></span> 
     </span>
     <span class='ocr_line' id='line_1_37' title="bbox 181 3526 1400 3602; baseline 0 -22"><span class='ocrx_word' id='word_1_325' title='bbox 181 3526 339 3583; x_wconf 76' lang='lat' dir='ltr'><strong>Carolus.</strong></span> <span class='ocrx_word' id='word_1_326' title='bbox 378 3528 545 3602; x_wconf 77' lang='lat' dir='ltr'><strong>Expirgrnrvit</strong></span> <span class='ocrx_word' id='word_1_327' title='bbox 568 3545 601 3583; x_wconf 91' lang='lat' dir='ltr'><strong>uo</strong></span> <span class='ocrx_word' id='word_1_328' title='bbox 624 3527 729 3582; x_wconf 85' lang='lat' dir='ltr'><strong>tandem</strong></span> <span class='ocrx_word' id='word_1_329' title='bbox 753 3544 867 3600; x_wconf 88' lang='lat' dir='ltr'><strong>superos</strong></span> <span class='ocrx_word' id='word_1_330' title='bbox 890 3526 953 3582; x_wconf 72' lang='lat' dir='ltr'><strong>illc?</strong></span> <span class='ocrx_word' id='word_1_331' title='bbox 987 3526 1118 3601; x_wconf 82' lang='lat' dir='ltr'><strong>siquidem</strong></span> <span class='ocrx_word' id='word_1_332' title='bbox 1147 3543 1240 3581; x_wconf 93' lang='lat' dir='ltr'><strong>rumor</strong></span> <span class='ocrx_word' id='word_1_333' title='bbox 1266 3536 1307 3581; x_wconf 86' lang='lat' dir='ltr'><strong>est</strong></span> <span class='ocrx_word' id='word_1_334' title='bbox 1330 3526 1400 3600; x_wconf 90' lang='lat' dir='ltr'><strong>apud</strong></span> 
     </span>
     <span class='ocr_line' id='line_1_38' title="bbox 119 3610 1403 3685; baseline 0 -20"><span class='ocrx_word' id='word_1_335' title='bbox 119 3610 260 3672; x_wconf 72' lang='lat' dir='ltr'><strong>rancidulos,</strong></span> <span class='ocrx_word' id='word_1_336' title='bbox 283 3631 344 3668; x_wconf 85' lang='lat' dir='ltr'><strong>euru</strong></span> <span class='ocrx_word' id='word_1_337' title='bbox 367 3615 391 3668; x_wconf 88' lang='lat' dir='ltr'><strong>vi</strong></span> <span class='ocrx_word' id='word_1_338' title='bbox 414 3613 587 3669; x_wconf 85' lang='lat' dir='ltr'><strong>deturlmtuut</strong></span> <span class='ocrx_word' id='word_1_339' title='bbox 617 3630 631 3667; x_wconf 92' lang='lat' dir='ltr'><strong>a</strong></span> <span class='ocrx_word' id='word_1_340' title='bbox 654 3611 733 3666; x_wconf 88' lang='lat' dir='ltr'><strong>beatu</strong></span> <span class='ocrx_word' id='word_1_341' title='bbox 754 3611 837 3666; x_wconf 89' lang='lat' dir='ltr'><strong>Petro</strong></span> <span class='ocrx_word' id='word_1_342' title='bbox 859 3630 954 3685; x_wconf 76' lang='lat' dir='ltr'><strong>pmrarrc</strong></span> <span class='ocrx_word' id='word_1_343' title='bbox 976 3611 1122 3667; x_wconf 82' lang='lat' dir='ltr'><strong>exercitum</strong></span> <span class='ocrx_word' id='word_1_344' title='bbox 1146 3628 1200 3683; x_wconf 85' lang='lat' dir='ltr'><strong>quo</strong></span> <span class='ocrx_word' id='word_1_345' title='bbox 1223 3612 1246 3666; x_wconf 89' lang='lat' dir='ltr'><strong>ri</strong></span> <span class='ocrx_word' id='word_1_346' title='bbox 1271 3612 1403 3684; x_wconf 90' lang='lat' dir='ltr'><strong>irrumpat</strong></span> 
     </span>
     <span class='ocr_line' id='line_1_39' title="bbox 119 3695 1403 3771; baseline 0 -22"><span class='ocrx_word' id='word_1_347' title='bbox 119 3696 144 3750; x_wconf 91' lang='lat' dir='ltr'><strong>iu</strong></span> <span class='ocrx_word' id='word_1_348' title='bbox 167 3696 278 3752; x_wconf 80' lang='lat' dir='ltr'><strong>solutu:</strong></span> <span class='ocrx_word' id='word_1_349' title='bbox 308 3698 411 3754; x_wconf 89' lang='lat' dir='ltr'><strong>dimisit</strong></span> <span class='ocrx_word' id='word_1_350' title='bbox 436 3698 506 3753; x_wconf 91' lang='lat' dir='ltr'><strong>enim</strong></span> <span class='ocrx_word' id='word_1_351' title='bbox 535 3697 576 3769; x_wconf 87' lang='lat' dir='ltr'><strong>(ut</strong></span> <span class='ocrx_word' id='word_1_352' title='bbox 598 3696 687 3771; x_wconf 71' lang='lat' dir='ltr'><strong>audio)</strong></span> <span class='ocrx_word' id='word_1_353' title='bbox 717 3695 817 3753; x_wconf 83' lang='lat' dir='ltr'><strong>clarem</strong></span> <span class='ocrx_word' id='word_1_354' title='bbox 847 3696 873 3752; x_wconf 94' lang='lat' dir='ltr'><strong>in</strong></span> <span class='ocrx_word' id='word_1_355' title='bbox 903 3715 962 3753; x_wconf 88' lang='lat' dir='ltr'><strong>area</strong></span> <span class='ocrx_word' id='word_1_356' title='bbox 992 3696 1126 3757; x_wconf 84' lang='lat' dir='ltr'><strong>rrrrruaria.</strong></span> <span class='ocrx_word' id='word_1_357' title='bbox 1159 3713 1211 3769; x_wconf 80' lang='lat' dir='ltr'><strong>ipra</strong></span> <span class='ocrx_word' id='word_1_358' title='bbox 1235 3695 1403 3752; x_wconf 68' lang='lat' dir='ltr'><strong>recludendae</strong></span> 
     </span>
     <span class='ocr_line' id='line_1_40' title="bbox 119 3780 478 3840; baseline 0.008 -6"><span class='ocrx_word' id='word_1_359' title='bbox 119 3780 226 3835; x_wconf 81' lang='lat' dir='ltr'><strong>literaut</strong></span> <span class='ocrx_word' id='word_1_360' title='bbox 249 3783 322 3838; x_wconf 84' lang='lat' dir='ltr'><strong>loros</strong></span> <span class='ocrx_word' id='word_1_361' title='bbox 343 3783 478 3840; x_wconf 71' lang='lat' dir='ltr'><strong>coelestes.</strong></span> 
     </span>
    </p>
   </div>
   <div class='ocr_carea' id='block_1_3' title="bbox 117 3962 1404 4795">
    <p class='ocr_par' dir='ltr' id='par_1_3' title="bbox 117 3962 1404 4795">
     <span class='ocr_line' id='line_1_41' title="bbox 186 3962 1402 4031; baseline -0.001 -19"><span class='ocrx_word' id='word_1_362' title='bbox 186 3962 196 3993; x_wconf 83' lang='lat'><strong>³</strong></span> <span class='ocrx_word' id='word_1_363' title='bbox 215 3966 305 4014; x_wconf 76' lang='lat' dir='ltr'><strong>mariis</strong></span> <span class='ocrx_word' id='word_1_364' title='bbox 320 3971 342 4016; x_wconf 80' lang='lat' dir='ltr'><strong>t.</strong></span> <span class='ocrx_word' id='word_1_365' title='bbox 388 3964 409 3997; x_wconf 83' lang='lat'><strong>²¹</strong></span> <span class='ocrx_word' id='word_1_366' title='bbox 429 3962 541 4030; x_wconf 83' lang='lat' dir='ltr'><strong>Critias]</strong></span> <span class='ocrx_word' id='word_1_367' title='bbox 561 3964 684 4022; x_wconf 77' lang='lat' dir='ltr'><strong>Crisaeo,</strong></span> <span class='ocrx_word' id='word_1_368' title='bbox 703 3966 762 4013; x_wconf 69' lang='lat' dir='ltr'><strong>eald.</strong></span> <span class='ocrx_word' id='word_1_369' title='bbox 777 3964 878 4031; x_wconf 74' lang='lat' dir='ltr'><strong>Aperte</strong></span> <span class='ocrx_word' id='word_1_370' title='bbox 893 3965 1016 4014; x_wconf 83' lang='lat' dir='ltr'><strong>Socratis</strong></span> <span class='ocrx_word' id='word_1_371' title='bbox 1034 3964 1196 4028; x_wconf 77' lang='lat' dir='ltr'><strong>‹liseipulum</strong></span> <span class='ocrx_word' id='word_1_372' title='bbox 1210 3964 1325 4014; x_wconf 82' lang='lat' dir='ltr'><strong>Critiam</strong></span> <span class='ocrx_word' id='word_1_373' title='bbox 1344 3964 1402 4029; x_wconf 85' lang='lat' dir='ltr'><strong>plri-</strong></span> 
     </span>
     <span class='ocr_line' id='line_1_42' title="bbox 119 4049 1401 4114; baseline 0 -17"><span class='ocrx_word' id='word_1_374' title='bbox 119 4049 260 4114; x_wconf 89' lang='lat' dir='ltr'><strong>losopluuu</strong></span> <span class='ocrx_word' id='word_1_375' title='bbox 280 4050 438 4100; x_wconf 85' lang='lat' dir='ltr'><strong>historicum</strong></span> <span class='ocrx_word' id='word_1_376' title='bbox 459 4056 648 4113; x_wconf 84' lang='lat' dir='ltr'><strong>oratoremque</strong></span> <span class='ocrx_word' id='word_1_377' title='bbox 668 4051 713 4113; x_wconf 85' lang='lat' dir='ltr'><strong>qui</strong></span> <span class='ocrx_word' id='word_1_378' title='bbox 732 4065 801 4100; x_wconf 82' lang='lat' dir='ltr'><strong>iarius</strong></span> <span class='ocrx_word' id='word_1_379' title='bbox 820 4067 851 4100; x_wconf 81' lang='lat' dir='ltr'><strong>ex</strong></span> <span class='ocrx_word' id='word_1_380' title='bbox 871 4050 987 4113; x_wconf 77' lang='lat' dir='ltr'><strong>triginta</strong></span> <span class='ocrx_word' id='word_1_381' title='bbox 1006 4064 1031 4114; x_wconf 84' lang='lat' dir='ltr'><strong>q.</strong></span> <span class='ocrx_word' id='word_1_382' title='bbox 1045 4065 1070 4097; x_wconf 86' lang='lat' dir='ltr'><strong>r.</strong></span> <span class='ocrx_word' id='word_1_383' title='bbox 1084 4053 1216 4113; x_wconf 70' lang='lat' dir='ltr'><strong>tyrarrruas</strong></span> <span class='ocrx_word' id='word_1_384' title='bbox 1241 4049 1332 4097; x_wconf 81' lang='lat' dir='ltr'><strong>facino</strong></span> <span class='ocrx_word' id='word_1_385' title='bbox 1351 4054 1401 4108; x_wconf 86' lang='lat' dir='ltr'><strong>est,</strong></span> 
     </span>
     <span class='ocr_line' id='line_1_43' title="bbox 120 4133 1404 4199; baseline -0.001 -17"><span class='ocrx_word' id='word_1_386' title='bbox 120 4140 216 4183; x_wconf 80' lang='lat' dir='ltr'><strong>aiiaetor</strong></span> <span class='ocrx_word' id='word_1_387' title='bbox 234 4135 401 4185; x_wconf 82' lang='lat' dir='ltr'><strong>lr.l.voluit.</strong></span> <span class='ocrx_word' id='word_1_388' title='bbox 469 4136 562 4184; x_wconf 74' lang='lat' dir='ltr'><strong>Aristo</strong></span> <span class='ocrx_word' id='word_1_389' title='bbox 581 4135 677 4194; x_wconf 86' lang='lat' dir='ltr'><strong>Cbius,</strong></span> <span class='ocrx_word' id='word_1_390' title='bbox 703 4136 820 4185; x_wconf 86' lang='lat' dir='ltr'><strong>Zenonis</strong></span> <span class='ocrx_word' id='word_1_391' title='bbox 839 4133 1003 4199; x_wconf 88' lang='lat' dir='ltr'><strong>discipulus,</strong></span> <span class='ocrx_word' id='word_1_392' title='bbox 1028 4134 1107 4183; x_wconf 71' lang='lat' dir='ltr'><strong>Siren</strong></span> <span class='ocrx_word' id='word_1_393' title='bbox 1127 4135 1349 4199; x_wconf 82' lang='lat' dir='ltr'><strong>cognominatus,</strong></span> <span class='ocrx_word' id='word_1_394' title='bbox 1370 4151 1404 4181; x_wconf 81' lang='lat' dir='ltr'><strong>es</strong></span> 
     </span>
     <span class='ocr_line' id='line_1_44' title="bbox 119 4218 1403 4286; baseline -0.002 -19"><span class='ocrx_word' id='word_1_395' title='bbox 119 4222 262 4280; x_wconf 78' lang='lat' dir='ltr'><strong>Cicerone,</strong></span> <span class='ocrx_word' id='word_1_396' title='bbox 283 4221 407 4286; x_wconf 81' lang='lat' dir='ltr'><strong>ltiogcuo</strong></span> <span class='ocrx_word' id='word_1_397' title='bbox 427 4220 553 4279; x_wconf 85' lang='lat' dir='ltr'><strong>Laertio,</strong></span> <span class='ocrx_word' id='word_1_398' title='bbox 574 4219 639 4268; x_wconf 84' lang='lat' dir='ltr'><strong>aliis</strong></span> <span class='ocrx_word' id='word_1_399' title='bbox 657 4224 749 4279; x_wconf 84' lang='lat' dir='ltr'><strong>notras,</strong></span> <span class='ocrx_word' id='word_1_400' title='bbox 770 4222 824 4269; x_wconf 87' lang='lat' dir='ltr'><strong>nisi</strong></span> <span class='ocrx_word' id='word_1_401' title='bbox 843 4220 914 4269; x_wconf 80' lang='lat' dir='ltr'><strong>forto</strong></span> <span class='ocrx_word' id='word_1_402' title='bbox 932 4218 1104 4277; x_wconf 76' lang='lat' dir='ltr'><strong>Atluniouis,</strong></span> <span class='ocrx_word' id='word_1_403' title='bbox 1123 4219 1300 4283; x_wconf 82' lang='lat' dir='ltr'><strong>peripatetici</strong></span> <span class='ocrx_word' id='word_1_404' title='bbox 1319 4218 1403 4266; x_wconf 79' lang='lat' dir='ltr'><strong>Atlio-</strong></span> 
     </span>
     <span class='ocr_line' id='line_1_45' title="bbox 117 4303 1403 4370; baseline -0.002 -16"><span class='ocrx_word' id='word_1_405' title='bbox 117 4306 231 4365; x_wconf 81' lang='lat' dir='ltr'><strong>uieusis,</strong></span> <span class='ocrx_word' id='word_1_406' title='bbox 251 4305 284 4355; x_wconf 85' lang='lat' dir='ltr'><strong>de</strong></span> <span class='ocrx_word' id='word_1_407' title='bbox 304 4321 355 4369; x_wconf 90' lang='lat' dir='ltr'><strong>quo</strong></span> <span class='ocrx_word' id='word_1_408' title='bbox 373 4305 428 4354; x_wconf 83' lang='lat' dir='ltr'><strong>rid.</strong></span> <span class='ocrx_word' id='word_1_409' title='bbox 441 4305 540 4354; x_wconf 85' lang='lat' dir='ltr'><strong>Allien.</strong></span> <span class='ocrx_word' id='word_1_410' title='bbox 555 4304 646 4369; x_wconf 92' lang='lat' dir='ltr'><strong>deipn.</strong></span> <span class='ocrx_word' id='word_1_411' title='bbox 659 4306 691 4354; x_wconf 91' lang='lat' dir='ltr'><strong>V.</strong></span> <span class='ocrx_word' id='word_1_412' title='bbox 706 4322 731 4370; x_wconf 88' lang='lat' dir='ltr'><strong>p.</strong></span> <span class='ocrx_word' id='word_1_413' title='bbox 744 4303 812 4363; x_wconf 77' lang='lat' dir='ltr'><strong>att,</strong></span> <span class='ocrx_word' id='word_1_414' title='bbox 832 4304 916 4353; x_wconf 87' lang='lat' dir='ltr'><strong>lilium</strong></span> <span class='ocrx_word' id='word_1_415' title='bbox 935 4303 1052 4353; x_wconf 85' lang='lat' dir='ltr'><strong>iudicari</strong></span> <span class='ocrx_word' id='word_1_416' title='bbox 1071 4303 1176 4354; x_wconf 84' lang='lat' dir='ltr'><strong>eredas.</strong></span> <span class='ocrx_word' id='word_1_417' title='bbox 1213 4303 1290 4352; x_wconf 85' lang='lat' dir='ltr'><strong>l&#39;mle</strong></span> <span class='ocrx_word' id='word_1_418' title='bbox 1310 4303 1403 4352; x_wconf 89' lang='lat' dir='ltr'><strong>borum</strong></span> 
     </span>
     <span class='ocr_line' id='line_1_46' title="bbox 117 4388 1402 4455; baseline -0.003 -14"><span class='ocrx_word' id='word_1_419' title='bbox 117 4391 319 4441; x_wconf 81' lang='lat' dir='ltr'><strong>triumvirorum</strong></span> <span class='ocrx_word' id='word_1_420' title='bbox 343 4389 562 4439; x_wconf 86' lang='lat' dir='ltr'><strong>coniunctionem</strong></span> <span class='ocrx_word' id='word_1_421' title='bbox 585 4389 791 4439; x_wconf 81' lang='lat' dir='ltr'><strong>blaximilianus</strong></span> <span class='ocrx_word' id='word_1_422' title='bbox 814 4390 868 4438; x_wconf 84' lang='lat' dir='ltr'><strong>nisi</strong></span> <span class='ocrx_word' id='word_1_423' title='bbox 891 4390 962 4455; x_wconf 82' lang='lat' dir='ltr'><strong>apud</strong></span> <span class='ocrx_word' id='word_1_424' title='bbox 986 4390 1090 4440; x_wconf 82' lang='lat' dir='ltr'><strong>inferos</strong></span> <span class='ocrx_word' id='word_1_425' title='bbox 1119 4389 1249 4439; x_wconf 71' lang='lat' dir='ltr'><strong>didicerit</strong></span> <span class='ocrx_word' id='word_1_426' title='bbox 1279 4388 1402 4451; x_wconf 72' lang='lat' dir='ltr'><strong>‹uparidern</strong></span> 
     </span>
     <span class='ocr_line' id='line_1_47' title="bbox 118 4472 1402 4542; baseline -0.002 -17"><span class='ocrx_word' id='word_1_427' title='bbox 118 4477 222 4525; x_wconf 86' lang='lat' dir='ltr'><strong>nescio.</strong></span> <span class='ocrx_word' id='word_1_428' title='bbox 276 4480 356 4541; x_wconf 82' lang='lat' dir='ltr'><strong>putas</strong></span> <span class='ocrx_word' id='word_1_429' title='bbox 374 4472 485 4539; x_wconf 79' lang='lat' dir='ltr'><strong>relim&#39;l]</strong></span> <span class='ocrx_word' id='word_1_430' title='bbox 504 4478 613 4524; x_wconf 65' lang='lat' dir='ltr'><strong>deme</strong></span> <span class='ocrx_word' id='word_1_431' title='bbox 632 4474 704 4525; x_wconf 80' lang='lat' dir='ltr'><strong>vello</strong></span> <span class='ocrx_word' id='word_1_432' title='bbox 723 4480 822 4541; x_wconf 78' lang='lat' dir='ltr'><strong>pratas?</strong></span> <span class='ocrx_word' id='word_1_433' title='bbox 874 4473 1090 4542; x_wconf 37' lang='lat' dir='ltr'><strong>&amp;Expellantur</strong></span> <span class='ocrx_word' id='word_1_434' title='bbox 1108 4473 1160 4523; x_wconf 88' lang='lat' dir='ltr'><strong>vol.</strong></span> <span class='ocrx_word' id='word_1_435' title='bbox 1174 4473 1220 4523; x_wconf 88' lang='lat' dir='ltr'><strong>Vl.</strong></span> <span class='ocrx_word' id='word_1_436' title='bbox 1272 4472 1295 4504; x_wconf 71' lang='lat'><strong>²⁶</strong></span> <span class='ocrx_word' id='word_1_437' title='bbox 1314 4472 1402 4523; x_wconf 86' lang='lat' dir='ltr'><strong>eccle-</strong></span> 
     </span>
     <span class='ocr_line' id='line_1_48' title="bbox 118 4556 1402 4624; baseline -0.005 -13"><span class='ocrx_word' id='word_1_438' title='bbox 118 4563 167 4611; x_wconf 67' lang='lat' dir='ltr'><strong>siae</strong></span> <span class='ocrx_word' id='word_1_439' title='bbox 192 4566 306 4611; x_wconf 82' lang='lat' dir='ltr'><strong>senatus</strong></span> <span class='ocrx_word' id='word_1_440' title='bbox 330 4556 492 4623; x_wconf 83' lang='lat' dir='ltr'><strong>consultum]</strong></span> <span class='ocrx_word' id='word_1_441' title='bbox 512 4559 529 4608; x_wconf 90' lang='lat' dir='ltr'><strong>i.</strong></span> <span class='ocrx_word' id='word_1_442' title='bbox 545 4575 568 4612; x_wconf 86' lang='lat' dir='ltr'><strong>o.</strong></span> <span class='ocrx_word' id='word_1_443' title='bbox 583 4576 616 4609; x_wconf 91' lang='lat' dir='ltr'><strong>ne</strong></span> <span class='ocrx_word' id='word_1_444' title='bbox 636 4560 700 4624; x_wconf 83' lang='lat' dir='ltr'><strong>quid</strong></span> <span class='ocrx_word' id='word_1_445' title='bbox 719 4561 877 4609; x_wconf 85' lang='lat' dir='ltr'><strong>‹letrirneuti</strong></span> <span class='ocrx_word' id='word_1_446' title='bbox 896 4559 990 4624; x_wconf 85' lang='lat' dir='ltr'><strong>capiat</strong></span> <span class='ocrx_word' id='word_1_447' title='bbox 1009 4558 1138 4609; x_wconf 77' lang='lat' dir='ltr'><strong>ccclesia.</strong></span> <span class='ocrx_word' id='word_1_448' title='bbox 1208 4556 1230 4589; x_wconf 79' lang='lat'><strong>²⁷</strong></span> <span class='ocrx_word' id='word_1_449' title='bbox 1249 4556 1402 4624; x_wconf 74' lang='lat' dir='ltr'><strong>Fabricios]</strong></span> 
     </span>
     <span class='ocr_line' id='line_1_49' title="bbox 118 4643 1402 4712; baseline -0.002 -16"><span class='ocrx_word' id='word_1_450' title='bbox 118 4647 281 4712; x_wconf 79' lang='lat' dir='ltr'><strong>Capitonem</strong></span> <span class='ocrx_word' id='word_1_451' title='bbox 299 4645 366 4705; x_wconf 82' lang='lat' dir='ltr'><strong>vult,</strong></span> <span class='ocrx_word' id='word_1_452' title='bbox 386 4660 438 4693; x_wconf 87' lang='lat' dir='ltr'><strong>uon</strong></span> <span class='ocrx_word' id='word_1_453' title='bbox 457 4645 604 4693; x_wconf 73' lang='lat' dir='ltr'><strong>Ronlanum</strong></span> <span class='ocrx_word' id='word_1_454' title='bbox 625 4644 772 4695; x_wconf 81' lang='lat' dir='ltr'><strong>consulem.</strong></span> <span class='ocrx_word' id='word_1_455' title='bbox 846 4644 1027 4708; x_wconf 74' lang='lat' dir='ltr'><strong>luitberaiosrp</strong></span> <span class='ocrx_word' id='word_1_456' title='bbox 1046 4647 1068 4694; x_wconf 81' lang='lat' dir='ltr'><strong>l.</strong></span> <span class='ocrx_word' id='word_1_457' title='bbox 1099 4643 1324 4708; x_wconf 76' lang='lat' dir='ltr'><strong>Luttnranosque</strong></span> <span class='ocrx_word' id='word_1_458' title='bbox 1343 4648 1367 4693; x_wconf 86' lang='lat'><strong>2.</strong></span> <span class='ocrx_word' id='word_1_459' title='bbox 1376 4648 1402 4693; x_wconf 83' lang='grc'><strong>3.</strong></span> 
     </span>
     <span class='ocr_line' id='line_1_50' title="bbox 117 4728 742 4795; baseline -0.006 -14"><span class='ocrx_word' id='word_1_460' title='bbox 117 4731 138 4764; x_wconf 82' lang='lat'><strong>⁸⁷</strong></span> <span class='ocrx_word' id='word_1_461' title='bbox 156 4732 197 4782; x_wconf 82' lang='lat' dir='ltr'><strong>Ad</strong></span> <span class='ocrx_word' id='word_1_462' title='bbox 216 4731 355 4795; x_wconf 73' lang='lat' dir='ltr'><strong>dialogum</strong></span> <span class='ocrx_word' id='word_1_463' title='bbox 373 4744 466 4779; x_wconf 82' lang='lat' dir='ltr'><strong>rstrrs</strong></span> <span class='ocrx_word' id='word_1_464' title='bbox 486 4728 608 4791; x_wconf 66' lang='grc'>(5.140.)</span> <span class='ocrx_word' id='word_1_465' title='bbox 627 4728 742 4778; x_wconf 83' lang='lat' dir='ltr'><strong>adludit.</strong></span> 
     </span>
    </p>
   </div>
   <div class='ocr_carea' id='block_1_4' title="bbox 0 0 1696 5370">
    <p class='ocr_par' dir='ltr' id='par_1_4' title="bbox 0 0 1696 5370">
     <span class='ocr_line' id='line_1_51' title="bbox 0 0 1696 5370; baseline 0 2"><span class='ocrx_word' id='word_1_466' title='bbox 0 0 1696 5370; x_wconf 95' lang='lat' dir='ltr'><strong> </strong></span> 
     </span>
    </p>
   </div>
  </div>
 </body>
</html>
