3382 5370
338 368 412 420 vlu.
482 379 793 417 nvtr.ns.nrr.mo1o1t.
846 377 1188 414 omnonvanvrrsurcvs.
1219 363 1306 427 (toto.)
1374 341 1460 415 315

245 559 417 603 nummus.
455 536 524 598 Plus
546 554 615 597 sane
638 552 725 614 quam
748 534 799 594 ritu
821 536 952 613 expedit,
975 535 1032 594 hoo
1055 544 1167 598 eertum
1190 542 1243 596 est.

245 663 354 706 arnna.
392 640 513 719 ignoras
535 642 611 700 enim
634 638 749 718 quantis
771 647 798 698 te
822 637 903 697 malis
925 638 1104 717 obstringas,
1133 639 1157 698 si
1181 638 1236 697 hoo
1258 638 1345 700 ausis.

245 766 417 808 averanus.
454 744 537 816 onon
566 749 713 820 uteunque
742 747 839 810 exeat,
875 741 1029 805 adversum
1057 745 1133 805 hano
1160 747 1225 800 reto
1258 743 1380 820 digitum
1415 758 1463 802 ex·

184 867 266 909 erere
288 857 324 909 te.
362 849 458 910 audin'
480 848 558 908 haee?

167 965 177 1003 ⁵
245 972 354 1014 avaria,
392 953 484 1012 ,triuio
506 952 694 1029 imperiosum
718 957 746 1010 te
769 956 797 1009 et
819 948 913 1010 verbis
936 949 1093 1010 admodum
1115 949 1252 1010 ferocem.
1470 958 1529 1009 ou.

245 1073 415 1116 morasus,
453 1056 489 1114 nt
511 1055 597 1114 etiam
620 1054 718 1122 iactis,
741 1053 795 1112 nisi
819 1060 847 1112 te
870 1053 1014 1122 eontineS,
1044 1051 1130 1129 granio
1152 1059 1216 1130 grenat
1239 1053 1355 1112 senties.

245 1176 354 1217 onnon.
393 1156 495 1216 Minari
518 1156 608 1216 audes
629 1163 661 1216 tu
686 1155 771 1223 mihi,
795 1155 946 1215 hominum
968 1154 1215 1232 postremissime?

246 1277 418 1320 averanus.
457 1258 550 1318 Etiam
573 1257 733 1317 molestiam
756 1257 826 1317 dare
848 1275 966 1327 ausum,
989 1258 1096 1317 intimae
1117 1257 1177 1317 tibi.

245 1381 354 1422 nunna,
392 1361 559 1421 Contemuis
580 1361 646 1421 mei

248 1483 419 1524 nvrrnnva.
458 1462 622 1531 Correuico,
638 1463 662 1523 si
678 1462 800 1523 ulterius
815 1480 971 1540 provocas:
989 1481 1054 1523 uam
1070 1481 1128 1542 quo
1143 1470 1171 1523 te
1186 1481 1294 1529 mores.
1311 1462 1463 1541 improba?

247 1584 355 1625 avenn.
394 1565 467 1626 itale
489 1566 558 1626 milri
582 1565 661 1644 loqrri
683 1565 791 1625 audes?

246 1686 418 1729 uvernerus.
455 1667 548 1728 Etiam
571 1668 646 1728 maie
669 1669 773 1728 iacere.

246 1789 356 1829 avenn.
392 1772 461 1830 Atra
483 1770 548 1831 bilis
570 1778 598 1830 te
620 1776 711 1830 verat.
1330 1789 1462 1858 'arrarum

248 1891 420 1934 uvrrouvo.
455 1872 497 1933 Te
520 1892 588 1933 reru
609 1880 670 1932 atra
695 1874 741 1950 pir
758 1871 871 1934 vexabit
887 1875 981 1933 statim
998 1874 1063 1933 iam.
1095 1881 1138 1932 sta
1154 1873 1201 1934 lue
1217 1875 1313 1941 modo,
1330 1891 1337 1961 Ι
1359 1895 1403 1929 ao.
1417 1893 1452 1937 pu.

160 1982 241 2033 'tuuc
262 1973 368 2050 pedem
391 1974 479 2034 ultra!

247 2096 356 2136 avenn.
394 2077 508 2153 Pergiu'
532 2077 720 2138 deliramenta
744 2075 822 2154 ioqui
845 2083 876 2137 tu
898 2077 962 2136 hio?

246 2199 418 2239 uvrmmvr.
456 2178 570 2256 Pergiu'
598 2180 752 2257 imperium
781 2185 969 2238 conteruuere
999 2186 1029 2237 tu
1058 2178 1105 2238 iric
1134 2181 1248 2239 meum?
1286 2181 1320 2240 Et
1347 2201 1405 2260 (guo
1434 2190 1531 2245 teon.

186 2279 287 2348 rolris,
298 2282 446 2362 testudo?
1346 2279 1352 2349 Ι
1375 2303 1464 2338 rasiano,

247 2404 356 2444 nunna.
395 2385 479 2460 Atqni
502 2384 598 2443 statim
622 2386 675 2461 pro
697 2383 842 2443 testudine
864 2383 971 2443 senties
992 2384 1150 2461 Pegasum:
1181 2384 1322 2444 itainro·
1351 2388 1358 2455 Ι
1381 2406 1466 2447 remu.

154 2485 250 2545 atauo
274 2489 329 2546 rita
351 2486 416 2555 tibi,
445 2494 473 2546 et
494 2488 555 2546 siue
578 2504 669 2546 mora.

249 2608 420 2649 uvrrnuvs.
459 2588 541 2648 Facis
568 2596 596 2649 te
630 2590 751 2649 iar-etam
780 2589 897 2667 uiridem
933 2594 961 2648 et
989 2588 1180 2666 magnificam.
1232 2589 1282 2650 sed
1312 2591 1390 2660 ride,
1429 2611 1465 2653 ne

186 2692 299 2751 iuterim
323 2696 430 2769 praeter
452 2692 607 2768 imperium
630 2692 697 2751 hinc
720 2700 747 2751 te
769 2709 894 2751 moveas.

248 2813 357 2854 avenn.
398 2792 450 2852 {uu
472 2795 613 2871 scriptum
638 2794 692 2854 heu
715 2800 773 2861 est,
798 2795 974 2871 inperator,
1003 2792 1096 2871 legem
1119 2800 1248 2854 staurano
1270 2794 1356 2855 bullis
1377 2799 1424 2855 tei

247 2916 418 2956 reversura.
457 2896 557 2973 Neque
582 2897 722 2973 seriptum
744 2913 840 2974 neque
862 2897 971 2973 pictum
995 2915 1137 2975 usquam,
1160 2896 1211 2956 sed
1226 2896 1372 2958 scribetur
1387 2907 1466 2977 post·

152 2996 239 3057 tanao
262 3005 290 3058 et
311 2999 455 3075 pingatur.

247 3120 356 3160 avena.
395 3100 432 3160 lu
455 3101 551 3169 rideo,
576 3103 728 3177 negocium
752 3101 837 3161 saciet
859 3101 907 3160 hie
930 3100 1016 3160 iutilia
1039 3100 1108 3160 mihi
1130 3101 1219 3160 homo
1241 3101 1330 3163 uituli.
1474 3116 1533 3165 §.tu

248 3222 421 3264 nvrrsuva.
460 3203 533 3272 Quid
557 3204 607 3273 aio,
632 3204 711 3281 parri
733 3204 843 3281 precii?
865 3202 889 3261 si
917 3207 945 3262 te
968 3220 1024 3260 non
1048 3204 1211 3280 protrivere
1233 3202 1320 3264 hoelie
1342 3205 1465 3282 pertibus

186 3322 241 3382 ego
263 3305 350 3373 meio,
375 3311 405 3365 ut
428 3323 576 3366 araneum.

250 3428 359 3468 avenn.
398 3408 427 3466 Si
450 3426 509 3467 nou
531 3409 651 3469 reddam
675 3409 823 3468 ariiiirtum
844 3413 874 3465 te
897 3423 951 3481 ego
974 3405 1070 3464 hodie.
1108 3412 1195 3484 atquo
1216 3407 1289 3468 adeo
1312 3415 1344 3467 nt
1369 3408 1466 3469 rideas

156 3518 246 3568 ttuon
270 3508 418 3587 negligere
440 3511 502 3571 trare
525 3529 586 3577 me,
616 3510 652 3569 alr
676 3510 731 3570 lrou
753 3509 800 3569 die
822 3526 928 3567 nomen
951 3514 1033 3567 tuum
1055 3508 1157 3585 rapitis
1180 3510 1242 3568 erit.

249 3632 420 3674 narremus.
459 3614 553 3690 Atque
575 3632 629 3689 ego
652 3618 709 3670 tuae
732 3611 805 3671 eladi
828 3619 915 3687 calent
936 3628 996 3670 ero,

248 3735 357 3776 avum.
395 3713 532 3784 turritula,
557 3717 659 3781 miser,
682 3713 805 3774 Romam
827 3713 1039 3791 sexagesimum
1062 3712 1136 3772 iutra
1159 3712 1245 3773 diem.
1382 3710 1465 3789 ffi‘m

248 3837 420 3879 m'ronuvs.
458 3818 506 3877 Sta
530 3817 592 3885 hie,
617 3818 737 3885 misera,
761 3816 910 3893 sexaginta
932 3815 993 3875 dios
1016 3820 1100 3875 totos.

248 3940 357 3980 avana.
395 3918 455 3978 Sub
479 3922 583 3979 uirtute
605 3925 711 3978 sauctae
733 3917 914 3978 ‹ibeedientiau

155 4022 179 4062 ³³
251 4041 422 4082 aureuma.
461 4021 521 4081 Sub
545 4023 649 4081 rirtnte
671 4036 837 4098 prrgnurum
861 4037 934 4098 qrros
957 4020 1036 4080 rides
1057 4037 1199 4080 meorum.

250 4142 360 4183 nunna.
399 4122 493 4191 Ouidi
515 4141 570 4200 pru
592 4131 722 4183 stercore
745 4121 867 4182 habebis
890 4129 920 4181 tu
943 4123 1009 4182 ma?
1030 4128 1099 4181 suut
1113 4139 1151 4182 ue
1165 4138 1268 4182 sensus
1283 4121 1344 4191 tibi,
1362 4123 1467 4183 homo?

187 4233 230 4284 est
250 4225 342 4284 ratiti?

248 4347 420 4387 uvrrruvs.
459 4327 549 4386 Etiam
574 4329 662 4404 pergin
684 4334 759 4386 sunt.

249 4448 359 4489 nvmn.
397 4428 446 4488 Nae
470 4429 515 4488 hie
539 4431 581 4488 rir
603 4429 773 4489 rouunodus
796 4435 847 4497 est,
872 4429 920 4508 qui
942 4448 989 4489 me
1011 4430 1052 4488 sie
1067 4429 1179 4507 arripit.
1218 4428 1364 4489 inerrato!
1398 4448 1464 4491 cunr
1475 4442 1534 4492 §.to

251 4614 374 4682 'postrl
394 4616 429 4666 Cf
440 4615 509 4665 Geli.
525 4616 582 4665 XV.
599 4615 637 4677 12,
652 4625 671 4664 ³.
708 4618 837 4666 ⁸nrrsim‘i
878 4615 933 4658 ¹³⁸³·
952 4614 1042 4664 Pluut.
1057 4615 1136 4680 Capi,
1151 4616 1200 4665 111.
1215 4616 1240 4675 4,
1253 4625 1285 4673 ot,
1298 4632 1338 4681 sq.
1378 4615 1401 4647 ³⁰
1413 4618 1464 4667 ie.

185 4701 315 4768 capitulio
335 4701 455 4752 oriminis
475 4717 536 4751 reus
556 4703 618 4751 eris.
671 4701 691 4734 ³¹
712 4702 802 4752 l’laut.
816 4704 861 4752 Aa.
875 4703 911 4752 11.-
924 4704 947 4764 ’2,
961 4712 995 4751 sa.
1048 4700 1070 4732 ‘²
1088 4700 1130 4750 cf.
1145 4700 1300 4751 Eckiunam
1318 4700 1429 4751 bullam.
