3382 5370
437 361 485 411 XI.
555 378 713 414 rrrnoouns.
784 381 1124 416 nmnocrsuvcrmuovs.
1150 364 1232 428 (tato.)
1397 350 1468 421 379

192 530 433 607 probissimonnn
457 529 572 592 illorum
595 533 759 611 cupiditati,
793 535 840 593 cui
871 543 966 593 tauron
995 535 1190 596 satisfaciebat
1217 554 1383 615 uunquam,
1417 536 1468 597 sed

192 631 261 691 dum
284 633 365 709 petiti
388 641 537 710 compotes
559 633 663 695 dorent
685 635 753 712 ipsi,
784 635 950 696 obsidiones
978 635 1067 705 solvi,
1096 655 1209 716 pugnas
1237 645 1285 699 ard
1315 638 1470 699 detrectari

193 739 242 793 aot
264 732 338 793 nrale
361 736 502 812 pugnari,
537 737 682 797 exereitus
703 736 851 806 diffluere,
885 739 980 798 socios
1008 738 1113 799 auxilio
1140 740 1271 809 destitui,
1304 740 1393 801 urbes
1420 759 1469 801 ex·

192 835 331 912 pugnaci,
355 836 383 895 in
407 855 519 897 summa
542 839 666 915 optimas
688 839 856 899 occasiones
878 841 1029 916 praeterire
1051 840 1171 905 sinebat.
1209 860 1305 921 neque
1327 841 1389 902 lere
1411 839 1538 908 ullaerr.

170 944 256 996 serat
278 945 354 997 tanta
378 941 550 1008 necessitas,
581 941 627 1000 cui
651 957 709 998 nou
731 940 884 1018 rrrmlcrret
911 940 1016 1000 borum
1045 940 1207 1003 libidinem:
1237 945 1346 1003 amicos
1371 952 1468 1005 autem

193 1046 222 1100 et
243 1041 376 1101 inimicos
398 1040 525 1101 babebat
547 1060 580 1101 er
605 1060 707 1101 cerrum
730 1041 904 1121 plerumque
926 1041 1086 1111 uoluntate,
1119 1045 1323 1105 contemnebat
1344 1063 1405 1123 prae
1426 1045 1471 1106 bis

146 1183 150 1194 .
191 1142 338 1218 principes
359 1144 437 1202 viros
459 1162 493 1203 ac
521 1142 662 1204 nobilitati
690 1142 866 1224 praelerebat
892 1161 942 1204 eos
968 1145 1213 1221 pertinacissime;
1248 1165 1413 1226 quanquam
1443 1155 1473 1209 et
1540 1220 1545 1229 Ι

192 1243 304 1304 nobiles
333 1244 456 1305 iaciebat
484 1264 534 1305 eos
561 1264 595 1305 ac
622 1247 787 1324 principes,
821 1246 963 1324 inprimis
995 1248 1163 1325 episcopum
1197 1236 1324 1316 istoru!
1352 1247 1472 1335 Epgssf*

192 1365 279 1425 quem
303 1365 357 1424 ego
380 1348 489 1407 audere
512 1348 567 1407 ridi
590 1347 707 1426 publico
730 1349 892 1409 Germanice
915 1347 1037 1408 coneilio
1060 1367 1126 1409 cum
1149 1350 1269 1410 summis
1290 1349 1473 1429 principibus

161 1461 183 1499 ¹¹·
194 1466 325 1527 pugnare
348 1450 384 1509 de
406 1448 487 1519 loeo,
511 1468 617 1511 norum
640 1451 803 1519 bominem,
828 1458 857 1511 et
877 1452 906 1510 in
929 1449 1025 1511 ardum
1047 1450 1169 1529 pedibus
1191 1453 1240 1530 qui
1257 1458 1374 1513 venerat
1389 1451 1471 1512 albis.

254 1572 429 1614 nnncaron.
468 1553 555 1613 liuius
576 1560 659 1631 pater
681 1552 725 1613 lac
748 1552 891 1614 vendebat
912 1553 1063 1631 augusta,
1087 1553 1210 1613 delonni
1225 1555 1355 1615 invectus
1369 1554 1471 1624 bestia,

192 1655 341 1730 suspensis
363 1653 499 1714 hincinde
520 1655 645 1733 lagenis,
668 1655 719 1716 sed
742 1657 791 1734 qui
814 1656 850 1715 ita
874 1655 996 1716 delicate
1019 1657 1085 1716 ririt
1106 1673 1199 1723 nunc,
1229 1662 1261 1715 ut
1282 1675 1347 1735 qum
1369 1655 1472 1718 delitiae

191 1752 254 1813 aliis
270 1762 350 1824 sunt,
373 1755 489 1816 labores
504 1758 558 1834 ipsi
574 1758 738 1827 videantur,
763 1765 914 1835 sonatque
928 1758 966 1817 ita
988 1756 1079 1824 laute,
1103 1757 1314 1818 utl'uccheros
1335 1754 1342 1826 Ι
1364 1754 1473 1836 ΕΝ·

191 1865 309 1915 accuset
324 1875 541 1936 nonnunquam,
565 1861 614 1937 qui
629 1878 688 1919 non
704 1862 772 1919 satis
787 1877 928 1919 uocarunt
943 1876 1043 1919 rerum
1059 1859 1095 1919 ab
1111 1861 1218 1919 exteris
1233 1860 1388 1937 deportent
1403 1860 1470 1921 buc.

160 1975 182 2013 rr·
255 1979 454 2021 anauerscrs.
492 1962 584 2030 Onam
608 1981 663 2039 ego
685 1959 831 2039 publicam
854 1960 1047 2021 infelicitatem
1071 1960 1200 2023 solebam
1223 1963 1409 2040 interpretari
1436 1980 1539 2030 corn.

192 2061 329 2120 miserum
353 2060 423 2123 illud
448 2062 584 2123 vocabam
608 2071 736 2140 tempus:
768 2081 834 2122 nam
858 2063 975 2141 qnando
996 2081 1027 2124 se
1052 2063 1119 2122 cidit
1141 2063 1264 2124 dedeco-
1287 2063 1294 2138 Ι
1315 2061 1471 2150 {iff‘ssffll

192 2169 283 2221 catam
307 2166 398 2240 nragis
420 2167 590 2235 Germania,
624 2184 710 2243 qumn
733 2166 795 2226 istis
818 2166 894 2224 cirea
918 2183 1017 2225 rerum
1045 2164 1287 2240 gubernationem
1315 2166 1472 2245 praesiden-

191 2262 268 2324 tibus
289 2265 370 2327 nihili
392 2266 574 2335 hominibus,
602 2285 636 2327 ac
659 2271 717 2335 ius,
742 2267 829 2345 leges,
853 2267 912 2336 las,
936 2284 1050 2344 requam
1074 2274 1102 2326 et
1123 2266 1277 2327 honestum
1299 2266 1472 2331 libidinosis·

192 2367 264 2426 sime
286 2368 527 2445 profanantibus?
549 2368 720 2448 Orranquam
744 2375 772 2430 et
794 2369 862 2429 lruic
883 2368 970 2429 bodie
985 2368 1088 2429 Carolo
1111 2367 1249 2429 subnasci
1269 2366 1472 2447 Ιξξ,ξ“ζξ,ῗξξξ“’

157 2469 275 2528 arrideo
298 2470 346 2547 qui
369 2477 510 2531 conentur
533 2470 570 2529 ob
594 2471 695 2532 cadom
717 2471 796 2531 abacti
819 2470 875 2530 illo.

253 2591 426 2633 nvarauvs.
464 2572 499 2632 Et
522 2591 575 2649 ego
598 2575 679 2634 rideo
703 2592 736 2634 ac
759 2575 849 2633 ricem
880 2572 1025 2651 publicam
1054 2573 1153 2634 doleo:
1184 2582 1263 2634 certe
1291 2572 1398 2635 nollem
1426 2574 1540 2646 cuca.

192 2674 277 2733 initiis
300 2691 487 2735 consecrasse
509 2676 663 2752 imperium
687 2693 781 2736 sumn.

253 2796 451 2839 rnaucrscvs
488 2775 617 2846 Quibus?

253 2899 427 2940 nvaaarnvs.
464 2877 701 2959 Quibuscunque.
738 2879 790 2941 sed
811 2898 870 2939 non
891 2879 997 2958 placuit
1019 2879 1097 2958 quod
1113 2878 1181 2940 illud
1198 2898 1300 2958 passus
1315 2888 1358 2941 est
1373 2891 1473 2943 contra

158 2980 355 3040 asLutlrerum
378 2983 546 3058 extorqueri
568 2981 694 3042 edictum
716 2981 780 3042 sibi.
1313 2980 1473 3058 ΕΨῗἻῗωξξῑξῖ·

254 3103 451 3144 ι’κΑΝοιεονε.
493 3085 614 3145 Ateius
637 3085 698 3160 ipse
720 3084 826 3143 aotlror
849 3102 906 3143 non
930 3091 987 3151 est,
1010 3082 1114 3143 scriba
1136 3091 1203 3145 suut
1225 3091 1253 3144 et
1275 3083 1388 3145 scelesti
1411 3086 1473 3164 qoi-

192 3184 257 3244 dam
280 3186 309 3245 in
332 3184 412 3254 aula,
436 3187 580 3262 pontilicis
603 3187 725 3264 pecunia
748 3185 783 3245 ad
806 3185 834 3245 id
857 3187 997 3262 corrupti.

254 3307 425 3348 nuncnune.
464 3289 545 3348 Seio:
568 3296 598 3349 at
618 3287 695 3347 illius
717 3288 833 3347 nomine
856 3291 1035 3366 propositum
1060 3294 1117 3356 est,
1147 3306 1242 3366 neque
1263 3296 1381 3350 revocat
1401 3292 1472 3368 ipse.

193 3395 220 3446 et
243 3387 351 3449 bouum
375 3391 468 3450 virum
491 3390 585 3468 deque
608 3392 699 3468 patria
728 3410 761 3450 ac
784 3390 910 3466 Imperio
938 3392 1074 3449 meritum
1102 3391 1210 3467 optime
1238 3390 1474 3453 sceleratissimo·

157 3507 258 3549 sonim
281 3491 430 3551 bominum
454 3493 565 3552 iniuriae
587 3493 735 3569 permittit.

253 3613 450 3654 auauerscrs.
489 3593 642 3664 Quocum
665 3594 814 3654 abducunt
835 3592 875 3652 illi
897 3611 990 3663 nunc,
1020 3593 1072 3651 sed
1100 3611 1151 3670 spe
1174 3593 1281 3672 optima
1303 3586 1310 3656 Ι
1323 3592 1542 3679 ᾗΡῖῗηξξηῖςῗζςΛε,

192 3694 283 3752 ‹lucor
307 3694 370 3754 lore
392 3702 424 3755 ut
453 3714 520 3755 cum
549 3697 690 3757 tutissime
719 3698 879 3756 consistere
906 3695 1086 3754 arbitrentur
1114 3713 1193 3762 sese,
1228 3694 1476 3757 calamitosissimo

192 3795 373 3856 collabantur
396 3805 424 3856 et
446 3797 638 3859 decumbant:
672 3801 709 3858 ita
741 3800 839 3858 videor
861 3797 1052 3858 adolescentis
1074 3814 1160 3857 nosse
1189 3795 1269 3856 indo·
1292 3782 1299 3852 Ι
1322 3818 1474 3857 castratura.

194 3896 268 3964 lem,
293 3915 388 3975 neque
410 3917 468 3958 nou
492 3900 632 3978 quasdam
654 3902 710 3960 iam
734 3901 813 3961 dedit
834 3901 904 3960 milri
927 3899 1079 3959 voluntatis
1101 3917 1160 3958 suae
1179 3899 1403 3974 significationes
1417 3899 1474 3970 illc,

158 3999 262 4077 mquid
287 4008 431 4076 proponat
453 4001 594 4078 siquando
616 4022 715 4062 rerum
738 4003 866 4063 habenas
889 4001 924 4061 ad
948 4003 1042 4078 ipsum
1066 4020 1097 4061 se
1120 4000 1277 4077 collegerit.

255 4123 427 4164 uraamurs.
464 4104 527 4172 Ouo
550 4105 586 4164 de
609 4123 757 4182 nunquam
780 4123 839 4164 non
862 4104 945 4164 iubes
966 4103 1041 4164 bene
1063 4121 1184 4181 sperare
1214 4121 1274 4173 me,
1308 4122 1473 4183 quanquam

192 4211 221 4263 et
244 4206 304 4282 ipse
327 4198 433 4282 alioqui
457 4204 532 4265 bona
555 4205 680 4284 quadam
702 4207 731 4266 in
754 4204 834 4265 illum
858 4207 1010 4265 allectione
1032 4224 1106 4265 srrm.
1144 4206 1195 4265 sed
1211 4206 1267 4266 iam
1282 4212 1398 4283 lempna
1413 4213 1475 4267 erat

195 4350 269 4357 ..ῳ
276 4351 388 4358 --—-—

258 4443 268 4472 ⁸
291 4444 375 4508 episc.
390 4440 446 4508 ist]
464 4444 624 4493 Mattlneum
644 4446 736 4509 Lnng,
756 4445 840 4509 episc.
860 4444 1007 4495 (turcensis
1026 4445 1165 4505 ecelesiae,
1191 4443 1290 4493 Salisb.
1309 4444 1430 4511 archiep.
1449 4450 1477 4495 et

196 4528 381 4587 cardinalem,
402 4529 429 4578 in
449 4529 567 4580 concilio
586 4531 766 4594 augustensi,
788 4545 813 4578 c.
827 4529 900 4579 tals.
919 4530 1024 4578 babito.
1055 4529 1098 4578 ct.
1112 4529 1165 4578 vol.
1178 4529 1200 4577 I.
1214 4546 1239 4594 p.
1252 4527 1311 4582 ⁸224.
1376 4528 1397 4562 ¹⁰
1414 4530 1476 4596 ped.

193 4612 434 4679 olb.]1ur.snt.l.
452 4614 506 4663 tll.
561 4613 578 4645 ¹·
600 4614 683 4663 cuius
702 4612 761 4680 etc]
780 4616 878 4674 Immo,
899 4632 931 4664 ex
949 4615 1069 4680 patricio
1088 4613 1195 4665 familia
1208 4616 1374 4686 Augusteum
1388 4616 1476 4669 orion·

194 4699 243 4748 dus
263 4700 325 4748 luit.
384 4699 404 4731 ¹⁶
423 4700 554 4751 miserunt
572 4701 630 4750 edd.
688 4699 710 4732 ³⁶
729 4700 896 4752 arbitroetur
915 4703 937 4753 1.
