3382 5370
369 390 403 439 X.
474 405 598 440 nourroa
619 406 768 441 ercvuors.
839 405 977 441 oraaoora
997 406 1181 442 nvrrcmcva.
1202 390 1284 454 (tatu.)
1393 377 1465 450 355

187 558 271 619 minis
292 559 378 619 Hussi
402 561 549 621 interitum
572 568 690 620 strenue
718 559 796 620 ultus
823 561 877 619 sill
906 561 934 620 in
963 560 1007 621 bis
1038 561 1173 622 omnibus
1202 564 1330 641 praedam
1353 575 1359 644 Ι
1384 582 1468 619 roua.

186 677 245 720 non
267 663 427 739 quaesierit,
455 680 511 722 nec
539 681 570 722 se
598 663 659 739 ipse
681 679 810 740 unquam
833 661 1065 740 locupletaverit,
1094 671 1240 726 ettamen
1264 667 1292 725 in
1316 665 1372 725 boe
1395 683 1468 725 nrrn·

186 780 272 841 quam
295 764 460 841 interrupto
483 762 626 824 felicitatis
654 782 743 824 eursu
771 783 804 824 ex
835 782 950 825 surnmo
979 764 1164 843 popularium
1193 766 1365 847 desyderio,
1395 786 1469 846 qnos

188 862 365 926 salutaribus
387 865 474 944 paulo
497 872 562 926 alite
585 873 709 926 mortem
739 866 985 927 admonitionibus
1013 866 1135 937 erudiit,
1164 885 1268 946 supro·
1290 861 1297 932 Ι
1325 883 1467 920 exessum.

168 983 268 1027 smum
292 968 355 1027 ritae
377 965 454 1028 diem
478 965 596 1028 clausit?

249 1089 397 1131 uomron.
435 1069 497 1145 Ego
528 1088 597 1129 vero
625 1087 741 1148 semper
770 1070 865 1130 audiri
887 1070 975 1130 Ziseae
998 1090 1046 1131 res
1068 1078 1163 1147 gestas
1185 1070 1303 1132 sceleris
1325 1086 1332 1157 Ι
1358 1092 1469 1127 umam

187 1177 216 1231 et
236 1171 390 1250 impictatis
412 1190 476 1231 esse
498 1169 688 1249 plenissimas.

248 1292 448 1334 rnancrscvs.
486 1275 581 1351 Atque
603 1292 657 1352 ego
680 1274 790 1343 audiri,
822 1275 872 1334 sed
901 1274 944 1334 rel
968 1274 1003 1334 ab
1027 1273 1101 1335 illius
1130 1275 1268 1345 inimicis,
1297 1274 1340 1334 rel
1369 1274 1405 1335 ab
1434 1276 1468 1336 iis
1478 1283 1529 1333 §.aa

187 1376 235 1453 epu
258 1375 407 1435 historiam
431 1393 488 1434 non
512 1382 591 1435 recte
613 1383 768 1444 nouerant,
792 1377 842 1437 sed
866 1395 900 1435 ex
924 1395 1043 1438 rumore
1064 1374 1174 1453 vulgari
1196 1376 1397 1455 proterebant:
1422 1397 1468 1437 re·

156 1488 179 1529 1⁰
189 1493 254 1536 rum
270 1475 356 1554 quale
378 1477 474 1537 scelus
490 1486 533 1537 est
549 1479 652 1556 punire
667 1480 908 1539 nocentissimos?
930 1486 980 1539 aut.
1000 1498 1064 1557 qrrae
1085 1480 1216 1556 impietas
1244 1480 1296 1539 ho·
1319 1475 1326 1546 Ι
1348 1478 1411 1562 ,ξῗξῖ
1424 1487 1469 1522 ¹⁹⁰·

188 1579 279 1638 mines
301 1577 460 1656 sripcrbos,
490 1578 646 1649 crudeleis,
677 1599 793 1650 arares,
821 1580 1006 1649 libidinosos,
1036 1581 1154 1649 inlrdoS,
1185 1581 1339 1641 iuventutis
1368 1599 1470 1641 eorru-

187 1686 302 1757 ptores,
325 1679 421 1758 legum
445 1680 627 1757 [villaticarum
651 1700 854 1759 perversores,
878 1685 925 1762 xpri
949 1682 1057 1743 nemini
1074 1684 1201 1760 prosint,
1223 1681 1322 1743 multis
1337 1691 1470 1752 rroeeanl,

187 1797 253 1840 cum
276 1783 361 1841 tantis
384 1784 498 1843 interim
516 1783 686 1844 criminibus
701 1784 933 1844 honestissimam
951 1785 1131 1862 plectendam
1148 1783 1379 1863 appellationem,
1403 1803 1470 1861 spo·

188 1881 258 1943 liare
280 1884 370 1944 rebus
392 1903 463 1962 quas
486 1903 545 1944 non
568 1893 663 1955 recte,
688 1885 840 1964 egentibus
863 1886 977 1946 interim
1000 1886 1085 1945 bonis
1107 1893 1136 1946 et
1151 1887 1227 1963 lrrrgi
1244 1885 1363 1955 civibus,
1387 1888 1471 1947 otiosi

159 1997 223 2043 uae
252 1985 360 2045 inertes
388 1986 441 2064 ipsi
469 1987 652 2064 possideant,
681 1995 709 2049 et
736 1989 845 2065 patria,
874 1988 903 2047 in
932 2005 988 2066 qua
1017 1987 1054 2047 ob
1084 1987 1297 2048 multitudinem
1325 2006 1469 2049 annonam

187 2096 322 2163 gravent,
346 2090 482 2166 exigere?

250 2209 399 2251 nourroa.
437 2191 503 2249 Fuit.
524 2191 581 2250 boe
603 2192 672 2251 rutile
696 2192 821 2251 lloiernis
843 2197 944 2267 prrtasl
1477 2193 1537 2242 §.aa

248 2311 446 2352 rnauoracre.
484 2292 630 2363 Otrarrlum
654 2300 757 2352 eventu
780 2299 880 2369 postea
904 2293 1009 2369 patrm,
1033 2293 1095 2351 luit.

250 2411 397 2453 uomron.
438 2394 548 2453 l'ideris
579 2393 650 2454 velle
679 2395 784 2454 imitari
813 2394 919 2454 laetum
949 2392 1039 2462 illius,
1078 2395 1101 2453 si
1130 2395 1224 2470 possis
1252 2393 1328 2464 liiel
1356 2413 1471 2451 araxenus.

155 2508 315 2573 roqrroque.

250 2617 452 2659 rnaxcrsevs.
491 2599 554 2659 uon
571 2600 689 2658 ornrriuo
703 2598 801 2666 nolim,
818 2599 960 2677 siquidem
976 2598 1157 2676 propositum
1173 2597 1230 2657 boc
1244 2595 1300 2657 illis
1314 2599 1359 2666 sit,
1377 2616 1472 2677 neque

190 2717 295 2776 parere
318 2701 433 2760 monilis
456 2718 551 2777 ireque
575 2701 680 2760 erdere
703 2701 914 2777 obiurgationi:
937 2707 1008 2759 tunc
1031 2700 1107 2758 erum
1123 2701 1188 2778 cogi
1203 2717 1253 2757 eos
1270 2718 1390 2760 neeesse
1406 2702 1469 2761 erit.

255 2820 404 2863 nourron.
444 2803 472 2862 Si
496 2808 524 2862 te
547 2802 780 2864 execrationibus
803 2821 871 2861 vero
887 2802 1017 2863 Pontifex
1042 2807 1070 2859 et.
1092 2801 1162 2861 diris
1184 2802 1322 2878 impetat?

251 2923 449 2964 reas-exseras.
491 2903 564 2963 Nihil
589 2906 694 2980 egerit,
719 2907 775 2965 iam
800 2905 853 2964 boe
877 2912 979 2982 proclus
995 2901 1082 2963 babet
1098 2904 1174 2962 enim
1190 2921 1248 2981 quo
1264 2921 1326 2965 mu·
1350 2914 1357 2985 Ι
1380 2902 1472 2990 ξζζῖξζέῑ

156 3005 286 3064 laniatur
315 3014 415 3065 eontra
445 3007 537 3065 institia
567 3007 726 3066 istiusmodi
754 3006 908 3066 terricula:
938 3025 993 3084 qua
1025 3003 1129 3065 fiducia
1158 3004 1267 3065 absolvi
1295 3006 1392 3066 abeo
1416 3025 1472 3076 ure,

189 3123 254 3165 cum
278 3105 314 3165 ab
337 3108 398 3167 istis
420 3108 558 3177 damnor,
581 3116 662 3186 puto.

251 3228 400 3270 nomene.
438 3209 514 3270 Nihil
544 3210 626 3271 dabis
649 3210 851 3271 consuetudini
874 3228 958 3277 xero,
988 3211 1034 3270 eui
1058 3210 1173 3286 penitus
1196 3207 1377 3268 inoleverunt
1399 3210 1540 3270 istarum.

250 3331 449 3372 renueracrs.
489 3312 562 3384 Ouid
593 3313 692 3372 darem
724 3330 781 3371 non
812 3313 913 3372 tione?
942 3329 978 3371 an
1001 3309 1106 3370 malam
1130 3310 1315 3370 eonsuetudi-
1337 3328 1345 3396 Ι
1368 3310 1471 3387 mgr

189 3430 256 3472 uem
280 3432 337 3472 non
362 3413 458 3473 eleuarit
481 3415 626 3474 immutari
649 3432 767 3491 semper
789 3421 817 3473 et
839 3412 959 3474 aboleri.

156 3528 182 3568 ³⁰
255 3535 404 3577 nourron.
443 3517 535 3576 Etiam
564 3534 643 3576 nitrio
671 3516 776 3576 illicere
804 3515 946 3584 arbitror,
980 3514 1030 3573 sed
1059 3513 1134 3573 llario
1163 3514 1207 3572 isti
1238 3512 1341 3573 malam
1371 3523 1469 3592 putant

189 3618 323 3684 minime:
348 3636 438 3696 quare
461 3616 558 3678 mullis
581 3618 666 3677 etiam
690 3637 723 3677 ex
747 3618 907 3696 prophanis
929 3616 1044 3696 paterere
1068 3616 1146 3675 rides
1161 3616 1244 3675 istam
1266 3617 1470 3693 episeopormn

189 3736 341 3796 pompam,
365 3721 434 3779 istos
456 3720 625 3796 magnificos
647 3728 819 3797 apparatus,
843 3721 956 3795 regium
979 3716 1174 3795 splendorem.
1309 3712 1316 3783 Ι
1339 3716 1470 3803 {juppae

250 3840 450 3882 aaaxoraera.
490 3821 595 3890 Video,
631 3829 659 3880 et
687 3839 802 3899 pennam
835 3823 1026 3898 interpretor,
1062 3818 1186 3898 qualiter
1216 3818 1369 3879 Cretenses
1401 3818 1539 3880 olima-ra.

189 3921 326 3982 adversos
349 3940 421 4001 (piros
444 3925 567 3982 niaxima
591 3924 774 3983 execratione
797 3925 837 3982 uti
862 3922 1009 3990 volebant,
1033 3923 1067 3980 iis
1090 3919 1244 3998 optabant,
1297 3918 1412 3995 §gipsum
1426 3928 1471 3954 ⁰¹⁰·

155 4038 180 4073 n
191 4032 222 4082 ut
243 4023 317 4083 ninia
341 4025 551 4085 consuetudine
574 4023 799 4085 delectarentur.
846 4023 938 4095 Quem
962 4042 1093 4083 errorem
1117 4024 1182 4101 (prtia
1206 4023 1310 4081 misere.
1333 4024 1401 4082 satis
1417 4022 1469 4084 lui-

191 4143 254 4185 ums
277 4126 436 4186 diutissime
459 4126 532 4195 iam,
561 4126 649 4186 eredo
672 4127 823 4185 misertum
853 4126 968 4185 landem
999 4125 1179 4185 credentium
1209 4125 1236 4183 iu
1266 4141 1297 4181 se
1324 4124 1470 4185 Christum

189 4235 341 4305 extergere
365 4227 437 4287 rollo
460 4246 538 4288 mum
561 4227 597 4287 ab
620 4229 723 4288 animis
745 4228 912 4295 homiuum,
942 4234 970 4286 et
992 4247 1025 4287 ex
1050 4226 1162 4286 lunesto
1186 4223 1290 4285 nebula
1314 4225 1469 4287 saltatorem

188 4326 282 4389 lucem
306 4329 461 4389 indurare:
492 4330 518 4389 id
543 4330 621 4409 quod
644 4348 711 4388 mox
735 4330 879 4389 iacturum
903 4347 968 4389 eum
993 4335 1069 4388 tantu
1093 4330 1120 4387 in
1144 4335 1282 4405 promptu
1313 4328 1391 4388 initia
1419 4329 1470 4387 do-

256 4550 275 4581 ¹⁹
294 4551 402 4599 imitare
415 4551 473 4599 edd.
526 4547 547 4580 ³⁴
566 4546 721 4613 Cretenses]
741 4549 783 4597 Cf.
797 4549 889 4598 Vulor,
903 4551 975 4598 max.
989 4549 1049 4598 vlt.
1062 4549 1086 4610 2,
1097 4557 1127 4597 ts.
1147 4547 1263 4608 „Cretes
1276 4561 1336 4596 eum
1350 4547 1469 4598 acerbis·

187 4636 256 4684 sima
270 4636 447 4684 execratione
461 4634 592 4684 adversus
610 4650 656 4682 eos
675 4649 741 4698 quos
760 4633 936 4683 veliementer
953 4633 1080 4695 oderunt,
1100 4634 1140 4682 uti
1160 4632 1267 4696 uolunt,
1286 4639 1312 4680 ut
1330 4638 1395 4682 irrata
1412 4650 1469 4682 eon·

185 4722 316 4769 suetudine
334 4721 490 4769 ‹leleetentur
507 4725 604 4784 optant
617 4722 661 4768 ...⁸¹

1183 4801 1245 4865 23*
