3382 5370
269 363 342 435 560
703 393 820 429 mamm
841 395 1109 432 FSMVDOMVTTMMICI.

331 551 545 626 Pasquiiius.
581 552 716 608 Praeterea
739 554 809 627 quod
832 553 957 627 precibus
979 561 1117 629 nequeunt
1139 553 1258 616 ediicore.
1288 553 1312 611 id
1335 555 1421 631 copiis
1445 556 1539 611 instro

268 638 319 695 ctis
340 656 371 694 ac
393 637 525 694 beliorum
550 638 687 711 tragoediis
710 638 867 694 moliuntur.

332 723 468 779 Mornus.
506 721 604 777 Natura
627 740 657 778 ea
681 723 832 785 Gallorum.
866 734 895 780 nt
918 723 978 799 pius
1001 722 1082 779 velint
1105 741 1183 799 quarn
1207 724 1325 799 possint.
1360 735 1387 781 et
1415 743 1470 799 quo
1494 742 1553 781 aor-

267 807 339 882 piius
362 817 520 869 senescunt,
544 807 876 882 hocrrragisriesipiun13
899 826 1035 884 pugnaces
1059 809 1178 882 quidem.
1202 809 1247 864 scd
1272 809 1426 866 imluciiies.

332 891 543 967 Pasquillus.
580 891 671 966 Meque
694 893 719 952 id
741 893 883 950 admodum
905 893 994 968 piacet
1016 892 1188 968 plebeculae:
1222 911 1276 950 ono
1305 896 1409 968 agmine
1439 904 1576 951 retortos

270 985 334 1052 post
356 986 462 1051 tergum
484 976 570 1040 colio,
605 977 645 1034 uti
672 977 736 1034 oiim
759 978 786 1034 iu
809 979 961 1042 sacrificiis,
994 979 1192 1035 sacrificaturus
1221 996 1250 1035 se
1278 979 1364 1053 gailos
1386 998 1465 1054 ipram
1489 998 1554 1035 sau·

268 1063 388 1120 ctissime
409 1063 572 1119 dejerarunt.

202 1152 262 1204 §.tt
333 1147 466 1204 Momus.
503 1147 680 1210 Crediderim.
704 1149 727 1204 si
750 1148 857 1204 biennio
880 1157 983 1205 tantum
1008 1166 1092 1223 reguo
1114 1149 1250 1223 potiatur.
1278 1150 1373 1206 deiude
1394 1149 1552 1223 depiuimrit

270 1250 416 1306 pauperes,
449 1252 479 1290 ac
501 1233 637 1290 annuatim
660 1233 798 1289 maximam
822 1234 979 1308 pensionem
1008 1234 1129 1308 pecuniae
1158 1235 1318 1297 extorscrit.
1352 1250 1405 1291 non
1433 1235 1551 1290 multum

269 1318 412 1374 uroicstum
436 1319 494 1375 fore
515 1335 576 1374 curu
599 1318 752 1374 Germanis:
787 1336 883 1375 nurnos
905 1320 1004 1392 quaerit
1026 1329 1053 1374 et
1074 1319 1195 1376 delitias:
1228 1327 1271 1375 est
1300 1319 1369 1376 etnim
1400 1319 1461 1375 hnic
1491 1320 1587 1375 ani-¹⁰

269 1403 352 1459 manti
375 1411 467 1460 venter
489 1402 599 1459 mirifice
620 1402 738 1464 calidus.
773 1405 810 1460 ita
832 1412 862 1460 ut
885 1404 972 1460 omnia
996 1404 1086 1460 statim
1108 1413 1276 1479 concoquat.
1310 1405 1420 1460 irraxime
1451 1421 1551 1477 argon·

271 1487 366 1543 toloni.
403 1489 448 1545 sed
472 1498 499 1545 et
521 1487 622 1545 salaces
645 1506 753 1562 quoquo
776 1497 853 1544 suut:
885 1490 957 1545 nosti
981 1489 1043 1563 quid
1067 1489 1154 1545 veliin.

202 1581 262 1634 §.an
334 1573 524 1648 Menippus.
562 1573 699 1629 Faciamus
715 1573 772 1630 liaeo
788 1575 839 1630 iarn
855 1575 944 1630 missa.
980 1573 1551 1648 dicnolsis.Pasquilie.‹praunanratratm

271 1656 324 1713 iiim
347 1658 506 1720 corniculae,
529 1676 590 1732 qum
612 1659 711 1732 passim
735 1658 852 1716 olrdnoto
874 1659 1065 1716 baniocucudo
1087 1660 1174 1734 capite
1197 1677 1225 1715 se
1248 1659 1412 1743 nobisodant
1433 1658 1549 1720 obviam.

270 1744 368 1817 stipem
390 1743 441 1800 sihi
463 1751 641 1817 congerentes
663 1743 877 1801 domesticatim?
1563 1752 1588 1791 ¹⁵

332 1828 541 1904 Pasquillus.
577 1827 687 1885 Fratres
709 1828 826 1894 arvales,
858 1847 940 1906 penos
969 1848 1038 1905 (loos
1067 1828 1139 1885 iiiios
1162 1830 1251 1904 gentis
1275 1847 1376 1886 somma
1405 1826 1551 1902 religionis

269 1921 367 1969 manet.

332 1998 519 2074 Menippus.
556 1999 694 2055 Somnium
717 2000 782 2056 undu
804 2018 907 2057 narras.

330 2083 542 2158 Pasquiilus.
579 2083 644 2141 Mem
665 2101 763 2142 veram.

333 2168 520 2243 Menippus.
557 2168 625 2238 Quid
647 2170 732 2244 igitur
753 2179 895 2245 tantopere
917 2178 1076 2227 execrantur
1098 2189 1112 2226 a
1134 2168 1240 2245 placite?
1561 2177 1589 2218 ²⁰

200 2270 262 2320 §.nn
334 2253 542 2328 Pasqoilius.
579 2254 619 2310 Ob
642 2273 720 2312 onam
742 2255 965 2312 obtrectationem
988 2273 1018 2311 ac
1040 2253 1286 2330 pestitentissirnam
1308 2254 1440 2327 linguam:
1464 2271 1550 2328 qartrm

269 2338 339 2395 enim
362 2339 429 2395 uihd
451 2339 503 2414 ipsi
526 2348 607 2413 agant
630 2339 702 2413 frugi
724 2356 810 2415 neque
834 2339 939 2414 publice
962 2358 1049 2415 neque
1072 2341 1188 2414 private.
1212 2340 1297 2397 iionos
1315 2340 1385 2396 ciros
1400 2339 1550 2414 plurimum

269 2424 409 2487 damnant.
431 2425 511 2487 arico.
535 2433 566 2481 ut
588 2424 659 2481 inter
679 2426 730 2480 hos
752 2425 896 2500 primatum
920 2433 1010 2483 teneat
1032 2426 1078 2500 qui
1101 2426 1137 2482 sit
1159 2425 1398 2485 insolentissimos.
1428 2423 1551 2498 optimus

269 2509 314 2583 qui
337 2510 369 2565 ad
392 2509 595 2566 obtrectandum
618 2509 820 2566 audacissimus.
857 2510 907 2566 hoo
929 2528 1015 2584 genus
1037 2519 1100 2567 sunt
1120 2511 1198 2567 nobis
1220 2511 1237 2566 ii
1257 2510 1385 2586 pecudes,
1414 2509 1550 2583 Menippe.

333 2594 521 2669 Menippus.
558 2595 628 2650 Bene
650 2602 707 2658 est;
728 2595 826 2651 cavebo
849 2595 912 2651 mihi
935 2595 968 2652 ali
991 2596 1056 2652 iiscc
1078 2595 1230 2653 melanuris.
1560 2600 1588 2640 ²⁵

201 2695 260 2746 tuo.
334 2679 545 2754 Pasquillus.
582 2679 634 2735 lam
657 2680 715 2735 dies
738 2679 847 2740 occidit.
870 2689 988 2754 emptum
1010 2699 1225 2738 consummemus
1254 2681 1318 2742 itor;
1348 2678 1451 2753 reliqua
1477 2677 1552 2734 iuter

269 2763 456 2821 anabolandum
478 2763 732 2826 commentalrimor,
755 2782 809 2838 quo
831 2763 928 2820 melios
951 2765 1086 2822 fastidium
1109 2765 1244 2823 levemus?

332 2849 519 2924 Menippus.
557 2847 618 2905 Vale
640 2849 742 2910 Momc.
764 2856 846 2923 atque
869 2850 911 2906 hic
935 2868 1021 2906 meum
1046 2849 1196 2924 prestolare
1219 2851 1370 2906 arireutum.

332 2934 464 2990 Munius.
501 2935 533 2990 Et
556 2942 585 2989 tu
608 2951 715 3008 quoqne
736 2933 912 2991 celeriuscule
935 2935 1049 2992 reditum
1072 2943 1183 2990 matina.

331 3018 545 3093 Pasooilius.
583 3017 692 3080 Valeto.
716 3019 816 3080 Mome.
839 3037 870 3076 ac
892 3020 998 3076 modum
1021 3019 1116 3075 adhibe
1138 3037 1260 3075 censura
1284 3037 1363 3094 quoni
1385 3018 1447 3073 dixi.
1560 3025 1589 3063 ³⁰

331 3103 466 3160 Maurus.
502 3103 605 3161 Faciam
630 3113 660 3159 ut
682 3105 773 3169 iubes;
795 3122 843 3163 ros
865 3123 973 3180 quoque
996 3103 1090 3160 valete.

268 3220 467 3230 ----.--

269 3293 454 3354 conparentur
467 3288 539 3337 inter
550 3302 580 3337 se
599 3287 693 3338 addito
705 3288 849 3354 proverbio
862 3280 1002 3346 Κώνωπος
1021 3278 1123 3352 ἐλέφας
1140 3276 1228 3344 'ledda
1245 3275 1296 3336 oda
1314 3275 1444 3350 ἄλεγίζει.
1477 3287 1550 3350 Apo-

267 3376 325 3423 atot.
339 3373 372 3423 Χ.
386 3371 426 3423 37.
487 3369 560 3435 ’⁴„et
576 3371 650 3423 laeaoe
668 3372 788 3439 pecudes
806 3377 835 3423 et
852 3379 967 3423 ovantes
986 3378 1096 3436 gutture
1115 3372 1216 3421 corvi.”
1235 3369 1338 3435 Vergil.
1353 3371 1419 3420 Gen.
1434 3370 1456 3419 1.
1471 3369 1532 3419 423.

755 3645 1055 3655 -—--—-——
