3382 5370
433 329 497 379 1111.
567 344 704 379 rourum.
740 341 878 378 araeoeve
898 343 1079 378 urrrerucvs.
1100 328 1183 392 (tatu.)
1399 313 1446 383 95

164 496 231 557 dam
252 499 393 576 prospicit
415 497 647 563 adulesrentula.
672 496 733 558 bare
755 506 814 565 est,
838 497 913 557 baur
935 496 1026 565 volui.
1056 497 1175 558 lreuesta
1200 496 1303 565 farcies,
1330 503 1448 557 venusta

164 599 273 668 farma,
303 619 400 660 mures
428 601 522 675 arguit
551 600 655 660 fruatis
683 597 779 665 celer.
808 599 836 659 iu
865 607 924 660 teta
953 599 1043 660 decer
1072 601 1160 660 inest:
1190 619 1208 658 e
1236 618 1300 659 rem
1329 599 1450 678 desyde-

165 698 300 760 rabilem!

229 823 381 864 roervrm.
418 802 609 864 pulchritudo
633 805 694 864 est?
1457 810 1514 861 §.tt

146 923 160 961 a
231 924 402 966 rmrreuvs.
439 904 560 964 Eximia.

227 1026 377 1067 rourum.
416 1004 548 1066 Alienum
573 1005 628 1066 boe
651 1005 760 1066 bouum
783 1005 919 1074 habebis,
949 1007 985 1066 de
1013 1005 1144 1068 muribus
1172 1005 1200 1066 iu
1229 1006 1366 1083 ambiguo
1389 1013 1449 1076 est;

165 1115 233 1166 suut
254 1106 358 1167 divitiae
380 1110 495 1169 autem?

227 1229 398 1271 arrrrmrs.
435 1210 536 1270 Portat
558 1228 663 1271 aurum
686 1211 804 1287 iugens,
827 1212 1010 1272 immensum.

227 1331 379 1372 rourum.
417 1311 540 1372 Serries.

133 1433 156 1472 re
229 1433 399 1475 rarrruuvs.
436 1413 531 1474 bleum
554 1414 611 1474 lree
632 1414 794 1492 perieulum
818 1423 874 1485 est,
906 1415 941 1475 da
964 1433 1077 1494 quaese,
1107 1422 1156 1475 aut
1183 1415 1250 1494 quia
1278 1433 1337 1474 neu
1359 1414 1448 1483 rides,

165 1516 227 1576 siue
249 1513 294 1576 rel
315 1533 369 1593 per
391 1514 511 1593 capillos
533 1517 681 1577 extraham
706 1516 784 1577 milri.
1140 1520 1153 1547 ⁸*

226 1638 377 1679 reervua.
415 1620 451 1677 ,11
472 1615 523 1678 tibi
545 1619 702 1686 irascetur,
726 1618 782 1679 boe
803 1619 827 1678 si
850 1619 945 1679 iacias.

230 1737 403 1782 uvrreuvs.
439 1719 509 1780 Post
530 1718 661 1798 plarabu.

228 1840 378 1883 reervm.
417 1821 493 1882 b'ilail
515 1838 598 1898 ages,
621 1820 710 1882 semel
733 1840 854 1883 areeusa
876 1840 993 1901 semper
1016 1823 1114 1891 ardet,
1138 1820 1318 1900 implacabile
1341 1829 1384 1880 est
1406 1820 1449 1880 el-

134 1924 246 1985 uleusa
268 1922 381 1984 mulier.

160 2067 168 2078 -
228 2045 398 2087 marmus.
436 2025 505 2086 llaec
526 2023 703 2104 placabitur,
727 2027 782 2086 iam
806 2027 915 2087 arridet
937 2027 1023 2087 enim.
1457 2034 1515 2085 §.tt

227 2147 379 2189 reervue.
417 2126 483 2188 Tibi
505 2135 564 2188 tam
586 2128 729 2208 pulchre?

228 2249 398 2291 rrvrreuvs.
436 2228 528 2289 immo
557 2230 730 2306 prudentius
757 2248 815 2290 neu
838 2231 961 2290 termam
984 2236 1109 2307 spectat,
1137 2229 1187 2290 sed
1211 2229 1288 2290 aliud
1311 2228 1448 2308 quiddam

169 2334 300 2392 miratur.

130 2448 157 2488 te
229 2453 379 2495 reuersa.
417 2432 493 2493 Cede
514 2433 571 2493 iam
594 2432 726 2511 pardum,
749 2433 944 2513 premendum
967 2446 984 2495 e
1006 2452 1098 2495 rormr
1120 2432 1226 2513 aliquid
1243 2431 1379 2511 estquod
1395 2430 1449 2492 bae

167 2554 249 2596 rersa
272 2542 337 2595 reta
359 2535 519 2614 preiiriam.
564 2534 676 2605 Quibus
698 2535 767 2614 quid
790 2536 941 2596 distribui?

229 2656 401 2698 mereare.
439 2636 492 2696 liei
515 2636 601 2706 milri,
625 2637 671 2697 hei
693 2637 778 2704 mibi,
802 2657 819 2696 a
843 2636 1053 2704 iuieliritatem,
1076 2655 1153 2716 pene
1174 2636 1325 2717 perdidisti
1349 2656 1403 2696 ure.

229 2758 380 2800 reuersa,
419 2737 461 2798 Te
484 2739 556 2815 ego?
578 2739 647 2816 quid
671 2737 768 2799 dolet?
790 2738 897 2818 aliquid
919 2739 970 2799 tibi
993 2740 1086 2798 eruuit
1109 2740 1165 2799 bec
1188 2759 1203 2797 e
1225 2740 1320 2799 iaetul
1457 2743 1514 2794 §.tt

229 2861 400 2902 reversura.
438 2839 507 2900 l'lus
529 2841 614 2908 satis,
639 2840 685 2901 bei
708 2841 793 2909 milri,
817 2842 944 2920 primum
968 2839 1044 2902 illam
1066 2841 1197 2902 ademisti
1220 2840 1356 2921 puellam.

131 2958 157 2998 aa
229 2963 380 3003 rourum.
419 2941 470 3001 Cui
494 2939 606 3001 obiecta
630 2945 689 3002 est?

229 3063 398 3106 uvaruuvs.
437 3043 478 3103 Ex
502 3045 670 3122 purpuratis
693 3045 742 3104 uui
764 3045 813 3122 qui
835 3045 911 3104 iastu
935 3053 1046 3121 turget,
1073 3043 1165 3121 gloria
1189 3043 1311 3114 exultat,
1339 3044 1447 3104 iaetan-

166 3149 203 3207 tia
227 3148 311 3212 lurit.
341 3163 372 3204 se
401 3146 497 3222 magui
526 3145 618 3215 lacit,⁵
635 3145 707 3205 alies
735 3147 909 3214 ruralemuit
939 3145 1095 3207 inciuilibus
1117 3145 1224 3207 cellum
1246 3145 1398 3206 ebriuetus
1420 3152 1448 3204 et

166 3250 288 3326 gemmis
310 3254 463 3315 operatua,
491 3248 519 3306 iu
552 3247 719 3308 versicolori
741 3248 858 3315 restitu;
887 3248 997 3309 utinam
1021 3249 1117 3309 rideas
1138 3246 1223 3327 qrrale
1251 3247 1378 3308 dedecus
1400 3265 1447 3307 er-

166 3351 293 3418 raverim
317 3367 403 3427 quem
426 3346 471 3408 illa
494 3366 552 3408 ueu
576 3348 692 3409 amabit.

131 3466 157 3503 πθ
228 3471 381 3513 reurvua.
419 3449 610 3528 Splendereru
633 3457 754 3530 sequuta
778 3457 829 3510 est.
1455 3458 1514 3509 teu

229 3572 398 3614 uvrreurs.
437 3550 570 3621 Fallitur,
606 3553 697 3613 merit
730 3554 805 3614 euim
842 3552 896 3613 sub
924 3552 980 3612 lrue
1008 3551 1075 3612 luue
1101 3570 1166 3630 qarre
1193 3552 1296 3612 sordes
1325 3551 1445 3620 lalearrt;

167 3663 307 3732 praterea
336 3673 394 3714 ueu
421 3654 496 3715 bene
525 3656 567 3714 vir
596 3662 640 3715 est
666 3655 735 3725 iste,
765 3673 940 3734 quamquam
962 3655 1004 3713 sie
1027 3653 1211 3729 maguidrus:
1241 3653 1359 3729 indiguo
1382 3652 1447 3712 loru

166 3775 304 3835 maguum
326 3757 446 3834 pusuisti
469 3755 595 3825 beuum;
618 3757 722 3817 deiude
750 3767 904 3837 paternum
927 3773 1029 3833 agutur
1052 3754 1204 3815 devastasti
1229 3753 1297 3813 milri
1321 3754 1446 3813 irumissa

167 3865 337 3938 tempestate
360 3858 540 3924 uuiversum,
564 3858 677 3918 obtritae
699 3867 830 3936 segetes,
860 3856 1004 3919 currrulsm
1026 3855 1163 3924 arborea,
1192 3855 1311 3915 deiectu
1332 3855 1445 3915 dumus.

133 3976 186 4018 are
210 3958 399 4020 calamitatem
423 3959 527 4020 eximie
550 3960 700 4028 miseram,
724 3961 780 4019 iam
803 3961 911 4020 esuriet
933 3958 1048 4019 taudem
1072 3958 1176 4018 demus
1199 3957 1274 4017 haer!

229 4081 379 4123 rourrrm.
415 4060 552 4121 Dicebam
575 4061 625 4121 tibi
648 4060 808 4140 perieulum
832 4079 895 4121 esse
918 4060 1024 4139 nequid
1047 4060 1195 4138 acciperes
1217 4055 1293 4118 mali.
1455 4069 1513 4120 §.aa

229 4182 399 4223 uvrrema.
437 4161 526 4221 lieete
550 4163 659 4229 dixisti.
684 4181 750 4222 uam
773 4163 873 4241 accepi
895 4161 1012 4222 abunde
1034 4164 1117 4232 satis,
1141 4168 1170 4221 at
1192 4159 1239 4220 ille
1261 4158 1370 4220 exultat
1384 4156 1446 4234 gle-

168 4265 262 4324 riesus
290 4263 386 4333 miles,
417 4281 540 4324 uxerem
569 4263 679 4323 babens
708 4271 736 4323 et
763 4282 881 4333 aurum,
916 4262 995 4323 nihili
1031 4263 1134 4333 berne,
1168 4269 1310 4339 nugatur,
1344 4278 1444 4340 vappa,

168 4364 283 4426 nebulo.
915 4361 920 4370 ’

251 4586 262 4618 ²
279 4587 490 4638 desiderabilem
503 4589 528 4637 2.
542 4589 566 4637 l.
621 4585 641 4620 ¹⁶
658 4589 681 4648 ᾖ.
693 4582 746 4652 δί]
766 4587 809 4638 Cl.
824 4587 859 4638 ad
871 4588 895 4648 ξ.
912 4586 950 4637 15.
964 4587 1012 4637 eit.
1026 4585 1143 4636 Hutteui
1156 4583 1190 4633 ed
1204 4583 1352 4647 Glauberg.
1366 4583 1446 4648 epist.

170 4671 196 4720 d.
209 4670 249 4722 ad.
264 4672 314 4722 Iul.
329 4689 354 4722 a.
370 4672 443 4722 15111.
456 4673 595 4737 scriptam.
643 4669 695 4703 ³³³⁴
714 4672 794 4722 Hane
813 4677 1006 4738 tempestatem
1025 4670 1093 4720 alibi
1112 4669 1256 4719 memorari
1275 4667 1378 4718 neseio.
