3382 5370
192 352 265 423 55ss
630 379 745 414 nullom
765 378 1033 414 Paarnonr'mrtttct.

136 551 182 602 to.
255 541 333 596 llum
344 558 390 595 us.
427 539 497 596 Nihil
519 538 571 596 boe
586 538 682 595 attinet
697 536 801 599 dicere,
825 554 904 611 quam
921 536 975 591 sint
991 536 1072 593 ubera
1087 537 1257 599 lactilundia.
1281 556 1361 611 quam
1377 537 1479 594 creber

190 625 247 683 illic
274 643 363 681 rerum
392 626 509 681 omnium
538 632 701 698 proventus:
734 622 854 696 adprime
883 622 908 676 id
938 630 1108 696 perspectum
1137 623 1347 680 mercatoribus:
1381 623 1476 679 Asiani

191 711 274 784 lengo
298 709 439 767 intervallo
463 710 529 785 ipsis
552 715 683 783 praestant
706 706 917 781 Europensibus.

254 794 466 870 Pasquillus.
504 794 552 863 Qui
576 793 706 850 obsecro?

254 881 390 937 Moenus.
425 879 513 936 bicam
535 879 636 941 obiter:
660 878 705 935 scd
728 878 798 934 unde
820 878 936 952 primum
959 876 1070 933 ordiar?
1486 894 1499 931 s

255 965 466 1039 Pasquillus
503 964 689 1038 Areligionc.

139 1071 186 1120 ur.
257 1051 393 1107 Momus.
428 1050 580 1124 Nusquam,
607 1050 686 1105 clerrm
715 1047 898 1110 inmortalem,
928 1047 1025 1121 religio
1052 1049 1151 1111 maior,
1181 1048 1243 1121 (nisi
1273 1048 1348 1105 lallat
1370 1046 1478 1123 opinio)

194 1153 326 1211 nusquam
348 1136 380 1191 ad
402 1136 517 1192 «lisinam
540 1153 596 1191 rem
619 1134 790 1208 frequentior
811 1132 943 1208 populus,
967 1151 1015 1190 nec
1038 1151 1189 1208 quenquam
1212 1134 1264 1189 ridi
1287 1135 1333 1209 qui
1356 1134 1423 1190 adeo
1446 1152 1477 1190 se

193 1239 243 1278 suo
265 1221 537 1281 deruceritllbristo.
561 1237 624 1276 vero
646 1218 749 1293 alioqui
771 1219 889 1281 numiui,
913 1227 942 1274 ut
966 1216 1004 1273 illi
1028 1236 1056 1274 se
1080 1220 1270 1293 superstitiose
1293 1219 1403 1275 tradunt
1421 1219 1478 1274 lla·

192 1306 311 1362 humeto.
357 1306 454 1362 Verum
477 1305 528 1362 boc
551 1303 616 1361 nibil
639 1305 671 1360 ad
694 1302 825 1366 saluriam,
859 1321 919 1378 qnae
950 1312 1021 1360 secta
1050 1305 1086 1359 sit
1116 1304 1220 1378 potior,
1255 1304 1513 1379 quandoquidcmru

192 1392 259 1447 adeo
282 1393 395 1448 increvit
415 1391 581 1452 Christiana,
604 1398 635 1445 ut
657 1390 796 1463 propbana
819 1406 955 1446 essenon
978 1389 1066 1462 possit
1089 1389 1166 1452 bdes,
1190 1407 1322 1464 nusquam
1343 1389 1383 1445 rel
1400 1388 1477 1445 loco-

193 1494 252 1532 rum
275 1476 316 1532 rel
339 1477 459 1551 gentium
483 1476 637 1550 syncerior:
661 1475 706 1547 qui
731 1473 786 1530 illie
808 1474 884 1531 bdem
907 1474 1026 1548 ruperit,
1051 1475 1078 1529 in
1102 1492 1180 1530 onrrrc
1204 1491 1289 1547 usque
1313 1482 1418 1548 ternpus
1436 1474 1478 1528 in·

192 1561 272 1618 lamis
294 1571 348 1619 est:
372 1563 417 1635 qui
442 1578 533 1636 pacem
557 1559 695 1616 violaverit
717 1567 744 1614 et
768 1558 925 1621 amicitiam,
954 1558 1015 1615 ilico
1044 1558 1113 1615 male
1142 1558 1301 1621 mulctatnr;
1329 1557 1397 1615 nulli
1420 1558 1478 1614 illic

194 1647 349 1720 praedones,
373 1648 446 1703 iures
469 1645 637 1720 pernicissimi:
661 1642 888 1700 latrunculatores
908 1643 989 1703 nulli.
1013 1645 1176 1706 securamen:
1200 1644 1480 1718 irnperatorelemen·

193 1731 327 1794 tissimus,
356 1748 517 1805 quamquam
539 1729 710 1786 ambitiosior
731 1729 817 1791 sorte:
851 1746 897 1784 sna
921 1729 1018 1801 cuique
1042 1729 1208 1803 permittitur
1236 1729 1315 1785 bdes:
1347 1729 1404 1785 baec
1427 1744 1516 1785 nors

194 1823 312 1873 strarum
335 1833 424 1872 rerum
448 1817 531 1872 lernae
553 1833 656 1870 summa
678 1823 705 1871 et
726 1824 815 1889 eaput.
1364 1803 1368 1812 ’

141 1905 187 1955 t-S.
259 1900 469 1975 Pasquillus.
507 1903 546 1955 bn
570 1917 624 1955 nou
647 1899 704 1955 bne
727 1900 815 1954 ornnia
837 1899 918 1955 etiam
941 1900 1011 1973 apud
1034 1900 1101 1956 nos‘l

258 1986 393 2042 liumus.
428 1985 609 2060 Nequaquam.

258 2070 473 2145 l’asquillus.
510 2070 537 2126 ld
560 2070 638 2126 nobis
660 2070 788 2127 edissere.

258 2156 393 2213 blomus.
425 2157 510 2218 Cedo.
533 2156 579 2229 qui
602 2164 666 2212 sunt
688 2155 828 2228 religionis
849 2155 1037 2229 antesignani?
1487 2168 1517 2208 ao

258 2240 474 2314 Pasquillus.
511 2240 652 2315 l'beologi.

259 2326 393 2382 llomus.
429 2325 532 2383 Probe:
555 2335 583 2381 ct
605 2325 632 2381 bi
656 2343 735 2400 quarn
759 2325 904 2399 insigniter
925 2342 939 2380 a
962 2325 1093 2397 religione
1108 2324 1233 2399 dclyrcut
1249 2335 1276 2380 et
1290 2343 1380 2381 secum
1396 2325 1480 2381 etiarn

198 2411 348 2485 impingere
371 2411 468 2468 iaciant
491 2410 617 2484 uulgum,
640 2428 719 2467 nemo
742 2427 796 2467 non
818 2411 903 2466 ridet:
927 2411 1041 2484 primum
1065 2410 1187 2482 «pridem,
1211 2410 1281 2484 quud
1306 2427 1387 2483 quum
1410 2411 1480 2465 urire

198 2497 252 2552 sint
280 2496 449 2571 superciliosi
481 2514 511 2552 ae
543 2495 690 2568 magnificis
718 2494 806 2552 titulis
834 2494 910 2558 elati,
945 2496 1011 2551 adeo
1038 2494 1105 2551 nibil
1134 2504 1265 2569 praestant
1294 2495 1345 2552 boc
1367 2496 1480 2550 rronriue

143 2581 323 2655 t.t.cliguum,
353 2590 384 2637 ut
412 2580 512 2637 inultos
539 2581 620 2637 etiam
642 2599 732 2637 secum
756 2581 934 2655 praecipitent.
978 2579 1093 2642 accedit,
1122 2582 1193 2654 quod
1224 2579 1331 2636 illorum
1353 2579 1405 2634 rita
1429 2581 1519 2636 ‹lo-as

197 2666 292 2723 ctrina».
315 2666 445 2722 maiorem
469 2666 496 2721 in
519 2666 625 2722 rrrodum
649 2674 798 2740 repugnat:
833 2666 889 2739 ipsc
918 2665 990 2720 nosti
1014 2683 1092 2739 quam
1116 2665 1215 2720 iubatis
1238 2665 1327 2720 linceis
1350 2665 1481 2721 mundum

196 2750 345 2826 praedicent
365 2752 605 2811 contemnendum.
628 2750 819 2824 corpusculum
844 2759 938 2824 serapte
962 2759 1055 2805 natrrra
1078 2750 1204 2806 caducum
1227 2750 1327 2824 uigiliis
1349 2759 1376 2805 et
1398 2768 1483 2824 squa-

196 2834 255 2891 lore
278 2835 472 2908 subigendum,
500 2834 567 2891 nibil
590 2836 721 2909 agendum
745 2853 886 2892 nnmorunr
909 2835 1010 2908 gratia,
1039 2834 1250 2908 amplectendam
1280 2842 1481 2909 paupertatem,

198 2936 280 2994 quum
304 2921 356 2994 ipsi
378 2921 485 2978 interim
508 2938 559 2994 pro
582 2921 679 2994 opimis
702 2921 861 2977 sacerdotiis
882 2920 1021 2993 digladiari
1045 2937 1098 2974 tion
1121 2928 1238 2975 cessent.

261 3005 476 3079 l'asqnillus.
512 3005 635 3068 Parcius,
659 3023 674 3060 o
697 3006 792 3062 Mome.
1494 3021 1522 3059 aa

131 3104 189 3152 uto.
262 3089 396 3146 liumus.
433 3090 531 3147 Verum
552 3090 622 3147 dico.
659 3092 705 3147 scd
727 3090 813 3147 dicam
835 3091 921 3147 adbuc
942 3089 1057 3164 amplius
1084 3098 1111 3146 et
1134 3091 1260 3146 audacter
1281 3090 1366 3146 dicam
1388 3088 1482 3152 lleurn,

198 3174 301 3248 alioqui
323 3192 455 3249 nusquam
477 3175 765 3249 comprehensibilem.
794 3175 895 3232 idolum
918 3175 1023 3247 lingunt
1050 3193 1180 3237 eaerenrn.
1214 3175 1241 3231 in
1271 3174 1390 3249 quamvis
1420 3192 1484 3248 par·

199 3269 252 3317 tem
275 3259 416 3316 vertibile:
444 3260 477 3317 de
500 3261 551 3317 boc
573 3261 665 3317 nescio
689 3279 755 3334 quim
777 3263 910 3317 essentias
933 3260 1066 3315 sonuriant
1089 3268 1115 3315 et
1146 3259 1314 3320 existentias.
1349 3259 1485 3315 beeccita-

199 3355 254 3407 tes,
278 3345 455 3418 quidelitates.
479 3344 633 3407 nullitates,
657 3346 830 3407 rrrriversaliu‚
855 3345 951 3406 realia,
973 3345 1110 3419 complexa
1134 3354 1161 3400 et
1183 3344 1324 3419 perplexa.
1353 3346 1485 3417 supposi-

199 3429 288 3486 tiones
315 3430 424 3486 caninias
451 3439 478 3485 ct
507 3431 639 3493 taurinas,
673 3448 704 3487 ae
732 3430 813 3486 talem
842 3431 973 3503 cqtrandarn
1001 3431 1151 3503 ineptarum
1184 3429 1332 3485 fabularum
1363 3429 1480 3492 turbant.
1497 3445 1523 3482 :rs

200 3515 393 3585 nugacissimas
428 3533 529 3588 trugas.
561 3515 676 3571 absurda
704 3514 891 3571 absurdarum.
936 3514 1057 3570 llaecriue
1086 3514 1253 3588 Tbcologia‘l
1286 3515 1341 3569 baec
1365 3513 1485 3588 religio?

202 3599 312 3655 buccine
335 3608 377 3656 est
398 3599 489 3656 colere
511 3601 666 3656 Christum?
689 3600 753 3674 quid
775 3600 883 3655 Christo
906 3618 966 3656 cum
989 3598 1153 3655 Aristotele.t
1186 3618 1245 3673 (qne
1268 3599 1358 3673 portio
1381 3599 1484 3654 Cbristi

132 3687 228 3739 §.tt-ct
250 3684 353 3741 belial?
375 3685 516 3741 Postremo
540 3685 674 3747 omuium.
703 3702 785 3757 quum
809 3684 875 3749 nibil
897 3684 1011 3740 calleant
1035 3701 1106 3739 sanae
1129 3685 1267 3747 doctriua,
1290 3684 1332 3755 (de
1355 3684 1485 3739 Scotistis

200 3767 300 3843 loquor
321 3779 348 3824 et
371 3770 518 3826 Tboruistis
541 3778 622 3844 atque
644 3768 814 3832 illbcrtistis‚
837 3786 891 3825 nou
915 3770 947 3824 iis
971 3769 1016 3843 qni
1039 3770 1153 3824 vetustis
1176 3788 1204 3824 sc
1226 3769 1377 3842 mancipant
1394 3786 1485 3841 quou-

198 3854 257 3909 darn
282 3872 347 3910 meaa
369 3854 487 3910 riutiuuis
510 3853 649 3926 heroibus)
671 3854 795 3911 Pontifici
823 3872 901 3927 quarn
925 3854 1036 3910 maxime
1059 3853 1225 3928 applaudunt
1246 3863 1272 3910 ct
1288 3854 1482 3916 adsentantur:
1496 3865 1523 3906 to

198 3939 311 3995 dilatant
333 3938 531 4011 lndnlgcntias,
560 3938 626 3994 rudli
650 3957 766 4013 unquam
789 3940 900 4012 antiquo
922 3938 1027 3995 doctori
1058 3938 1097 3994 rel
1125 3940 1281 4012 pontillenm
1310 3946 1404 4000 notas,
1434 3956 1486 3994 no·

200 4023 268 4080 viter
290 4032 378 4079 autern
402 4025 567 4096 excogitatas
588 4022 623 4079 ob
645 4033 793 4097 quaestum:
816 4024 971 4081 Pontilicem
986 4023 1122 4079 Cbristurn
1143 4025 1257 4079 iaciunt:
1281 4023 1367 4079 omnia
1392 4041 1485 4096 posse.

200 4109 289 4164 ouruia
312 4108 411 4164 babere
433 4127 493 4183 quac
515 4108 668 4170 Cbristum.
696 4109 813 4183 demptis
835 4108 989 4170 miraculis.
1018 4126 1078 4181 quae
1107 4109 1168 4164 ideo
1196 4109 1284 4165 larccre
1315 4126 1368 4162 urm
1398 4109 1485 4172 irruit,

201 4193 274 4266 quod
296 4191 354 4250 haec
376 4192 461 4249 virtus
484 4211 537 4250 non
560 4193 688 4267 pecunia,
712 4193 758 4249 sed
782 4193 833 4249 lide
856 4203 882 4250 et
906 4194 1059 4250 innocentia
1081 4203 1292 4253 commereatur:
1321 4193 1399 4248 deum
1423 4211 1486 4250 csse

202 4286 352 4341 terrenum,
376 4278 422 4334 sed
445 4280 492 4352 qui
514 4277 615 4334 oletum
637 4287 712 4334 eacct
734 4287 765 4334 ut
786 4277 877 4335 nullus
900 4279 1061 4334 rusticorum
1084 4279 1110 4333 in
1134 4278 1255 4334 llercinia
1279 4277 1360 4352 sylva.
1397 4279 1485 4352 pudet
1496 4291 1522 4331 ta

133 4362 291 4431 sccttteere
320 4363 392 4436 cqrtod
418 4361 553 4437 reliquum
581 4372 631 4418 est.
675 4363 750 4426 llaec,
784 4363 820 4419 mi
842 4363 991 4437 Pasquillc,
1026 4365 1051 4418 in
1085 4364 1141 4420 suis
1173 4363 1312 4438 disputant
1344 4364 1486 4419 athenaeis.

205 4529 265 4536 ...-
273 4531 299 4536 ..-.
323 4531 376 4536 «..--
382 4532 402 4536 ...

269 4630 464 4682 ¹laetilundia
481 4646 573 4684 omnes.
643 4630 852 4682 ⁷immortalem
871 4636 896 4681 2.
915 4638 963 4682 etc.
1027 4629 1049 4662 ²²
1068 4630 1186 4680 delirant
1205 4635 1290 4680 λεία
1361 4629 1382 4661 ³⁷
1401 4631 1487 4692 ‘Quid

203 4716 325 4781 apostolo
344 4731 405 4766 eum
423 4715 584 4766 Cicerone’?
601 4717 750 4782 Ilieronpm.
802 4715 824 4749 ³⁸
841 4716 920 4767 Paul.
934 4732 976 4781 ep.
990 4716 1027 4766 11.
1042 4716 1075 4765 nd
1089 4716 1151 4766 Cer.
1165 4716 1211 4765 VI.
1225 4714 1266 4765 15.
