3382 5370
202 370 275 441 498
642 400 757 434 DlAthlll
777 399 1046 435 l'flEl'DOllVT'l'llllwl»

203 559 348 621 vinolenti,
372 558 584 618 incontinentes,
608 574 795 631 percussores.
820 556 1013 632 inhospitales.
1036 557 1142 633 cupidi.
1166 557 1314 620 aleatores.
1336 555 1487 632 vairiloqui‚

204 646 369 701 seductores.

135 743 192 792 §.m
264 731 360 786 Puer.
398 727 537 795 Quomodo
554 727 681 784 meliores
704 745 763 784 esse
785 737 901 802 possunt
924 727 951 782 bi
975 728 1019 802 qui
1043 745 1075 783 ex
1097 728 1210 784 asininis
1232 728 1356 790 stabulis
1379 727 1484 823 gapeis,

203 813 376 889 lupanaribus
399 813 450 886 (bru
473 813 543 868 onim
567 813 772 868 dornaneusium
795 812 906 885 subula)
929 813 961 868 ad
983 812 1078 868 altaria
1101 813 1200 869 Cbristi
1227 814 1371 875 accedunt,
1402 811 1486 886 idque

202 902 250 956 bac
272 898 410 955 exercitati
433 898 557 972 palaestra
580 907 776 972 praeponuntur
797 897 934 954 ecelesiis?
957 915 1007 954 nec
1027 899 1124 954 mirum
1148 898 1197 954 lios
1218 907 1328 955 nostros
1344 915 1405 954 esse
1420 912 1507 972 pes-s

203 986 299 1045 simos.
322 1000 381 1040 curn
405 983 468 1038 talia
491 983 570 1038 etiam
593 983 702 1039 llbomae
726 983 779 1037 sint
801 983 897 1057 capita.

265 1068 390 1124 llenno.
428 1067 569 1136 Quomodo
592 1069 682 1123 cadom
705 1068 791 1141 capita
815 1076 842 1124 et
863 1068 980 1143 pessima
1008 1086 1067 1125 esse
1096 1077 1212 1143 possunt
1240 1077 1267 1125 et
1294 1076 1401 1129 saneta,
1430 1084 1486 1123 non

204 1153 337 1227 intelligo.

136 1249 195 1300 §.an
267 1241 362 1295 Puer.
399 1238 490 1313 Neque
515 1246 588 1293 tuum
612 1247 654 1293 cst
676 1238 745 1293 sciro
770 1237 848 1300 illud,
872 1255 921 1295 nco
943 1237 1005 1294 licet
1028 1239 1123 1295 ctiam:
1154 1239 1318 1312 quinctio
1342 1236 1486 1311 evangelio

204 1324 326 1382 Christus
354 1323 510 1380 abscondita
541 1322 590 1378 alia
620 1322 766 1396 apostolis,
801 1323 852 1378 alia
875 1323 1056 1398 sapientibus,
1090 1322 1140 1379 alia
1164 1324 1279 1379 indoctae
1302 1323 1374 1398 plebi
1398 1321 1521 1377 voluitro

202 1427 276 1467 esse:
299 1427 352 1464 non
376 1409 472 1463 mirum
495 1425 561 1480 ergo
585 1407 607 1462 si
631 1408 748 1464 rusticus
772 1408 828 1482 ipse
852 1409 962 1481 ignores
984 1408 1107 1482 plurima,
1131 1409 1210 1464 otiam
1232 1424 1329 1482 capere
1351 1424 1400 1463 nec
1422 1423 1488 1481 qius·

203 1497 240 1551 sis
265 1513 312 1550 nec
335 1493 427 1554 licoat,
455 1503 536 1566 atque
559 1491 604 1547 illa
628 1492 707 1549 etiam
731 1494 847 1548 noudum
870 1494 1087 1567 prudentissimis
1110 1494 1274 1567 optimisque
1303 1499 1397 1567 aperta
1421 1498 1487 1547 sunt
1569 1545 1572 1550 ,

203 1579 372 1636 mortalibus.
410 1595 488 1651 quam
516 1594 580 1633 vero
603 1595 645 1632 me
668 1576 761 1633 vellem
783 1578 893 1634 ubsrum
916 1595 992 1633 esse:
1019 1578 1144 1652 quicquid
1167 1585 1241 1651 esset
1263 1594 1354 1633 rerum
1377 1593 1488 1633 areana·

204 1683 263 1720 rurn
291 1682 321 1720 ao
350 1664 505 1719 technarum
535 1662 607 1718 brevi
632 1661 830 1719 intellecturum
853 1681 896 1719 me
924 1663 1100 1725 corrbdercm,
1132 1671 1184 1718 tarn
1213 1662 1276 1718 ielis
1304 1680 1394 1719 meum
1424 1661 1486 1717 nori

204 1750 349 1821 ingenium.
1498 1758 1521 1798 rs

136 1846 194 1896 §.rs
268 1834 391 1889 llonno.
429 1832 493 1888 llem
516 1832 624 1889 obviant
646 1832 724 1888 uobis
747 1832 879 1907 palliolm.
910 1833 955 1888 lrui
984 1850 1063 1907 quarn
1091 1831 1244 1906 elegantes:
1273 1850 1325 1906 ego
1354 1831 1415 1887 illas
1445 1829 1486 1886 vel

205 1919 326 1975 sobrius!
349 1918 456 1973 nostine
479 1917 540 1979 lias,
565 1935 581 1973 o
603 1918 712 1973 Brimo?

267 2005 361 2059 Puer.
400 2003 487 2058 Sacrae
509 2003 573 2057 nribi
598 2003 639 2058 bm
662 2003 786 2058 ridentur
808 2021 868 2059 esse
884 2002 1015 2077 virgines,
1038 2011 1120 2077 atque
1137 2002 1190 2059 illan
1206 2021 1273 2077 quas
1289 2002 1390 2077 saepius
1406 2001 1486 2056 etiam

204 2089 325 2145 convivio
347 2087 455 2143 adlribet
477 2087 590 2161 legatus.

268 2173 391 2228 llenno.
429 2172 497 2239 uuio
519 2174 575 2228 ais?
598 2190 681 2228 sacrae
704 2174 841 2246 uirgines?
1496 2184 1521 2224 no

268 2259 362 2313 l‘uer
401 2256 469 2324 Quid
499 2258 595 2312 mirum
623 2274 729 2314 sacrum
758 2276 849 2320 sa‚icro
885 2258 982 2314 malum
1014 2257 1083 2314 malo
1113 2258 1135 2313 si
1164 2257 1351 2332 aptissimum?
1385 2254 1487 2311 similes

206 2344 278 2399 libra
307 2343 329 2397 si
358 2342 473 2397 babeant
495 2341 629 2399 lactucas?
658 2344 770 2399 eborum
793 2352 938 2398 tonuerunt
961 2352 1136 2404 nocturnum,
1165 2343 1372 2415 alternatimque
1402 2349 1488 2397 nrani-

207 2430 276 2485 tinas
299 2425 472 2483 absolverunt
494 2427 627 2500 preculas.
674 2427 797 2500 Virgines
822 2435 908 2484 tannen
932 2446 992 2483 osso
1015 2446 1073 2489 eas,
1103 2429 1128 2483 iu
1160 2447 1192 2484 oo
1223 2427 1271 2483 tibi
1301 2427 1379 2482 fidem
1403 2442 1487 2482 meatu

206 2531 259 2571 non
283 2511 464 2585 obstringam:
488 2513 585 2568 inirum
607 2520 650 2567 ost
672 2530 750 2585 squam
774 2512 949 2568 meticulosus
973 2514 999 2567 in
1023 2531 1080 2568 carru
1103 2514 1153 2568 sinu
1176 2522 1288 2587 partem.

268 2598 393 2655 llenno.
430 2596 513 2663 Quam
537 2614 577 2652 me
601 2597 626 2651 in
651 2597 701 2652 buo
724 2598 888 2652 monasterio
912 2598 1039 2652 redituum
1063 2615 1122 2652 esso
1145 2596 1248 2653 rellern.
1496 2608 1522 2648 as

267 2684 364 2739 Puer.
400 2683 507 2755 Apage.
545 2682 658 2743 rustice.
691 2699 745 2737 uon
776 2681 823 2737 tibi
849 2683 908 2737 cani
931 2683 972 2738 ban
1001 2682 1164 2739 conveniunt
1187 2681 1305 2744 balneae.
1337 2681 1405 2737 nibil
1427 2697 1488 2737 cunr

207 2769 351 2826 auraricino
374 2767 429 2822 sui:
455 2774 510 2822 tum
534 2774 622 2821 antem
646 2767 667 2822 si
692 2767 761 2823 istuc
783 2766 871 2830 voles,
895 2785 976 2823 canos
994 2776 1069 2840 tegas
1084 2785 1115 2823 ac
1130 2767 1260 2823 rusticum
1277 2775 1395 2841 oportet.
1433 2764 1491 2820 Sal·

206 2855 278 2910 rote!
303 2869 387 2908 nosne
410 2851 522 2925 lugitis?
546 2850 636 2908 silent.

139 2951 198 3001 §.tn
270 2938 397 2994 llenno.
434 2936 492 2992 Non
515 2935 578 2991 lioct
601 2944 785 2993 sacrosanctas
808 2955 868 2992 eum
890 2937 1040 3013 prophanis
1062 2937 1141 2993 verba
1165 2938 1266 2999 lacere,
1296 2945 1426 3011 quantum
1451 2936 1491 2991 in·

207 3024 312 3096 telligo.
349 3020 465 3078 Pnlsabo
489 3021 604 3085 ostiunr;
627 3022 673 3077 sed
696 3022 746 3077 iarn
769 3040 831 3078 ccco
853 3032 939 3097 patot;
963 3023 1028 3097 quin
1051 3023 1228 3097 ingredimur:
1251 3022 1356 3085 llruno,
1380 3021 1522 3096 praeitoon

205 3128 257 3183 ego
280 3125 385 3182 sequar.

269 3194 365 3249 Puer.
402 3192 485 3248 buum
508 3200 537 3248 ut
560 3191 626 3248 iussi
649 3193 757 3255 invoca,
781 3192 883 3249 llenno.

271 3279 370 3334 llouo.
408 3278 443 3333 Tc
471 3295 523 3350 ego
550 3277 673 3333 datorem
700 3285 859 3334 cunctorum
888 3278 982 3334 invoco
1011 3278 1105 3340 doum,
1139 3278 1239 3333 bonum
1268 3277 1348 3337 nribi.
1384 3276 1489 3332 lelieem

208 3367 430 3436 fortunatumque
452 3362 524 3418 bunc
546 3363 578 3418 ad
600 3363 780 3437 apostolicum
802 3362 921 3435 legatum
945 3381 1081 3419 accessum
1104 3363 1212 3425 reddes,
1236 3379 1353 3436 vosque,
1377 3361 1489 3417 oPetre

209 3469 238 3506 ac
260 3447 381 3510 Nicolae,
403 3465 463 3504 cum
487 3447 601 3503 llnrtino
623 3447 813 3505 liberalissimo
837 3448 1003 3522 reliquisque
1024 3449 1092 3503 diris
1115 3447 1286 3508 coelestibus.
1315 3448 1422 3508 adesto,
1452 3448 1526 3502 sar-ss

209 3536 261 3590 rite
289 3551 342 3607 quo
371 3534 525 3588 fortunatos
560 3541 720 3607 recuperato
749 3533 849 3590 uniisse
878 3532 932 3589 filio
961 3534 1071 3589 domum
1099 3533 1130 3588 ad
1160 3550 1272 3588 uxorem
1304 3531 1488 3606 familiamque

141 3622 345 3680 tonsorentur,
376 3618 430 3672 voti
459 3635 521 3673 reiis
551 3618 602 3674 tria
629 3617 706 3674 robis
733 3619 853 3674 ardentio
876 3636 952 3674 cerea
976 3617 1074 3673 lmniua
1098 3626 1222 3674 statuam.
1267 3617 1318 3673 Sed
1347 3626 1426 3673 estne
1449 3618 1492 3672 liic

211 3705 329 3776 legatus.
355 3721 433 3777 quem
457 3703 545 3766 rideo,
570 3703 642 3759 brevi
665 3711 769 3759 statura
793 3704 939 3765 bominem,
964 3702 1060 3759 bovino
1078 3702 1166 3765 uultu,
1190 3720 1253 3758 roco
1270 3703 1361 3758 rasta?
1384 3701 1492 3758 leonem

211 3790 361 3861 rugientem
384 3787 476 3843 audire
499 3788 603 3849 videor:
628 3789 679 3843 iarn
701 3806 803 3862 pronus
825 3789 915 3844 eadam
940 3788 965 3843 iu
989 3788 1099 3849 faciem,
1123 3796 1153 3843 ut
1176 3788 1289 3844 iussisti.

273 3874 366 3928 Puer.
404 3871 479 3934 Noli.
503 3872 624 3946 inquam,
648 3873 691 3929 lu'o
712 3873 818 3945 legatus
841 3892 894 3929 non
918 3882 968 3928 cst.
1502 3885 1528 3925 so

273 3958 401 4012 lleuno.
440 3958 599 4019 Credelmm,
623 3959 682 4032 quis
707 3966 762 4014 turu
785 3960 845 4014 est?

274 4043 371 4098 l'ucr.
408 4042 486 4117 Papae
509 4043 645 4098 cuiusdam
668 4043 815 4098 avarissimi
838 4053 969 4117 cognatus
992 4044 1058 4105 luit.
1090 4043 1169 4099 Testa
1199 4041 1354 4099 dollullalo
1386 4049 1493 4104 vocant

277 4225 412 4277 ‘Selrolae
431 4225 667 4276 Romariensiuin.s
735 4225 755 4258 ¹⁶
775 4227 985 4291 egomsobrins
1002 4229 1070 4276 omis.
1085 4230 1109 4276 l.
1180 4226 1255 4287 (‘l)us
1272 4228 1333 4274 moi-⁹
1351 4232 1391 4274 eta
1413 4226 1494 4275 Fadili-

211 4307 320 4372 stdelcl’)
389 4308 411 4342 ²²
429 4309 513 4359 lubrie
533 4313 555 4358 1.
565 4314 589 4360 3.
615 4310 737 4361 Similem
760 4312 864 4362 liabent
889 4313 969 4362 labro
986 4312 1124 4361 lactucam
1150 4308 1178 4377 [i.
1193 4327 1216 4360 e.
1235 4310 1338 4360 similia
1356 4310 1495 4360 similibus

213 4393 398 4460 contingunt],
418 4394 589 4460 proverbium
610 4411 653 4460 ep.
667 4397 823 4460 Hieronynr.
838 4413 880 4462 op.
894 4397 955 4447 Vll.
969 4397 993 4447 5.
1008 4396 1109 4447 dietum
1123 4410 1140 4443 a
1152 4396 1188 4444 M.
1201 4395 1309 4456 Crasso,
1330 4410 1390 4444 curn
1409 4396 1496 4445 vidis-

214 4486 256 4531 set
275 4481 380 4529 usinum
393 4481 507 4530 carduos
520 4481 715 4531 comedentem.
751 4480 773 4513 ²⁸
793 4483 871 4543 ‘Quid
891 4483 953 4533 enni
973 4497 1033 4532 eum
1051 4481 1181 4531 balneo'l'
1203 4479 1242 4530 Τί
1256 4475 1321 4530 uvel
1339 4475 1388 4529 καὶ
1407 4478 1495 4543 βαλα-

215 4564 294 4630 νιίῳς
313 4565 429 4614 blacorii
441 4579 552 4630 portem.
565 4566 639 4616 Vlll.
654 4565 694 4616 34.
714 4566 796 4615 ‘Nihil
810 4582 870 4617 eum
884 4569 1042 4617 amaracino
1055 4567 1114 4616 sui!
1134 4566 1237 4628 „Vetus
1251 4566 1378 4630 adagium
1392 4572 1436 4615 est
1447 4567 1496 4616 Ni-

215 4651 251 4699 bil
273 4667 331 4698 eum
346 4650 444 4698 fidibus
457 4649 582 4711 graculo,
602 4652 676 4701 Nihil
696 4668 719 4701 r.
733 4667 758 4700 o.
773 4652 840 4700 sni”.
862 4654 923 4702 (loll.
938 4653 970 4700 Ν.
985 4654 1017 4701 Α.
1031 4653 1108 4717 prees.
1125 4650 1163 4703 lu.
1208 4651 1229 4682 ²⁴³
1248 4651 1317 4716 prof.
1337 4655 1363 4700 3.
1410 4650 1433 4682 ³⁶
1451 4667 1496 4700 ru·

216 4741 315 4799 eupnto
330 4738 352 4782 1.
405 4731 427 4766 ⁴²
444 4735 536 4784 'l‘estae
554 4736 587 4785 de
606 4737 712 4786 llull'olo
731 4736 859 4786 suetum.-
911 4738 996 4785 ‘lesio
1015 4737 1042 4785 di
1060 4738 1091 4785 ll.
1105 4755 1139 4779 =
1151 4743 1234 4801 eaput
1252 4737 1330 4787 boris
1347 4735 1455 4786 buffeli.
