3382 5370
557 328 608 379 Ill.
678 343 960 379 ninivensem.
997 343 1144 379 ciaconus.
1165 327 1248 392 (ists.)

324 518 487 559 ursarnvs.
526 499 566 559 lta
590 507 647 568 est,
671 517 737 558 narn
762 506 790 557 et
811 499 897 576 primi
918 497 959 559 illi
982 506 1010 560 et
1032 498 1156 577 plurima
1179 501 1208 560 in
1231 500 1304 561 aulis
1319 503 1484 580 principum
1500 501 1544 560 lu·

261 606 396 668 crentur,
426 601 639 677 partiendum,
673 601 750 680 qum
774 600 902 661 cilicium
925 608 969 661 est
989 620 1091 670 suum,
1126 601 1225 663 literas
1247 622 1281 662 ac
1303 605 1382 682 signa
1408 605 1544 673 rcrrdunt,

263 704 367 782 parlim
392 703 475 772 dum,
499 703 575 782 quod
599 703 653 763 soli
676 704 747 762 scite
770 702 893 772 iaciunt,
915 702 1031 764 cottidie
1053 701 1159 782 aliquid
1177 723 1191 764 a
1208 705 1389 783 principibus
1404 714 1543 782 exugunt.

193 813 251 862 itt.
264 804 444 882 Quamquam
468 804 538 882 quid
560 806 596 866 de
618 804 721 865 scribis
744 805 910 884 querimur,
934 807 983 884 qui
1005 805 1234 885 qrmlescmnque
1256 815 1336 877 suut,
1359 809 1478 868 omuino
1494 806 1545 868 ali·

264 908 329 986 quis
352 925 454 966 eornm
477 925 548 967 usus
571 915 627 977 cst,
662 927 727 967 cum
757 906 803 967 alii
831 907 914 967 nudti
936 909 993 967 siut
1015 908 1132 967 omnino
1154 908 1270 969 inutiles
1297 916 1339 980 et,
1373 918 1405 970 ut
1427 909 1473 969 ille
1496 911 1567 979 ait‚⁵

263 1010 362 1086 lruges
385 1027 558 1070 consumere
582 1010 654 1069 irati:
682 1017 768 1088 atique
791 1011 879 1086 igilur
901 1009 958 1070 dixi
988 1009 1059 1069 ‘sinc
1087 1009 1192 1070 iudicio
1220 1029 1254 1071 ac
1276 1011 1389 1073 delectu
1412 1010 1546 1073 liberales

262 1117 330 1170 sunl
351 1110 514 1189 principes'.

328 1233 452 1275 ccssrrs.
491 1213 534 1273 tni
564 1213 686 1290 perdant
713 1220 908 1275 assentatores
939 1232 1039 1273 onnus
1069 1232 1128 1292 quo
1150 1234 1187 1275 uo
1210 1215 1303 1275 bonos
1324 1216 1354 1275 hi
1376 1216 1461 1276 uobis
1483 1216 1547 1276 diu·

196 1317 322 1376 §.sotius
345 1316 490 1393 principes
512 1315 644 1392 perdant.
690 1315 747 1376 Sed
771 1323 800 1375 tn
824 1317 880 1377 iam
903 1316 939 1376 dc
962 1317 1052 1376 ventis
1079 1334 1181 1386 narra,
1215 1319 1269 1378 nisi
1296 1318 1364 1397 quid
1392 1324 1483 1378 restat
1510 1318 1546 1377 dc

264 1417 471 1478 adulatoribus
1558 1434 1581 1473 u

328 1539 492 1580 urssrnvs.
531 1518 622 1579 lluius
645 1523 761 1598 generis
784 1528 851 1581 sunt
874 1523 994 1591 iratres,
1018 1520 1086 1581 olim
1109 1529 1138 1580 et
1159 1521 1267 1582 rectius
1288 1513 1454 1600 φράτορες
1470 1521 1546 1590 dieti,

266 1623 316 1699 qui
339 1621 503 1698 principum
526 1629 638 1681 mentes
660 1630 760 1683 teuent
782 1644 816 1684 ex
845 1624 944 1685 auditu
973 1623 1176 1691 consessionis,
1207 1623 1283 1683 circa
1313 1623 1391 1700 quud
1419 1623 1547 1683 stmlium

266 1722 338 1783 adeo
361 1724 551 1800 superstitiosi
574 1732 641 1784 sunt
663 1724 717 1795 illi,
741 1735 772 1785 ut
795 1725 916 1785 credant
937 1733 1078 1804 perpetuo
1101 1724 1215 1784 clausos
1236 1724 1291 1784 sibi
1307 1723 1411 1793 culos,
1435 1726 1489 1784 nisi
1512 1744 1547 1785 ex

266 1824 407 1884 Dominici
429 1832 479 1885 aru
501 1825 648 1887 Francisci
672 1828 800 1905 plnatria
825 1827 899 1887 liene
921 1829 1067 1904 saginatus
1089 1825 1193 1905 aliquis
1214 1845 1248 1885 ac
1271 1826 1379 1889 nitidus
1397 1834 1425 1887 et
1441 1825 1548 1886 obesus

267 1926 392 2003 aperiam
416 1944 510 2005 neque
534 1929 610 1988 enim
633 1930 702 1988 satis
725 1936 769 1990 est
784 1930 935 1990 sacerdote
950 1929 997 1989 lrie.
1013 1929 1068 1998 uli,
1092 1948 1126 1989 cx
1143 1928 1245 1988 ordine
1260 1929 1297 1988 sit
1311 1935 1440 2008 oportet,
1463 1928 1581 2006 quasin

267 2046 354 2086 nemu
377 2036 588 2105 postmortem
611 2031 761 2100 revixerit,
789 2039 944 2109 autequam
967 2031 996 2090 lri
1019 2038 1116 2091 essent
1137 2030 1233 2090 neseio
1256 2031 1402 2109 quomodo
1425 2030 1549 2090 ordinati

199 2140 256 2190 tas.
268 2130 394 2189 ordines.
439 2131 568 2192 dudinut
588 2131 629 2192 illi
653 2141 748 2194 tamen
772 2133 888 2193 interim
910 2133 1103 2193 secretissime
1127 2150 1249 2210 quaeque
1279 2140 1307 2192 et
1334 2151 1392 2192 non
1421 2132 1550 2210 produnt

268 2232 322 2291 nisi
345 2251 411 2291 ruro
435 2234 509 2294 lurte
533 2234 601 2294 dnm
625 2235 699 2295 inter
722 2234 792 2295 aiios
814 2234 955 2314 palpones
976 2236 1005 2295 iu
1028 2235 1147 2296 multam
1177 2242 1290 2294 {loetum
1319 2242 1547 2312 pergreecantur.

266 2334 316 2394 sed
347 2343 378 2394 ut
407 2354 554 2416 rurrrquam
583 2337 723 2414 prodant,
758 2345 854 2398 lamen
883 2338 978 2397 sciunt
1006 2335 1074 2414 quid
1103 2336 1227 2413 principi
1255 2342 1398 2414 quatenus
1425 2335 1549 2395 suadere

268 2438 434 2507 conveniat,
459 2445 487 2498 et
509 2457 582 2517 qum
604 2457 662 2498 nou
685 2439 784 2517 egredi
808 2446 940 2517 oporteat
962 2438 1067 2498 limites
1090 2456 1156 2497 enm
1172 2438 1221 2515 qni
1237 2437 1370 2497 obtinere
1386 2437 1453 2515 quid
1471 2436 1583 2497 relitro

267 2543 352 2616 atquc
374 2538 462 2617 igilur
484 2542 648 2601 caretissime
671 2540 827 2600 adulantur
849 2541 889 2610 hi,
913 2560 946 2601 ac
968 2541 1041 2599 mire
1063 2556 1179 2616 semper
1201 2538 1361 2598 almluntnr
1384 2546 1549 2616 nragnatnm

267 2641 405 2709 rauituie;
434 2659 560 2719 qnorum
583 2641 686 2721 aliquis
708 2641 902 2721 perstradetur
930 2642 1077 2701 nerninem
1107 2640 1264 2701 ascemlere
1292 2639 1370 2700 illam
1397 2640 1550 2701 beatorum

267 2744 464 2814 incursionem,
488 2745 536 2822 qui
560 2762 618 2802 non
641 2745 722 2821 prins
744 2745 773 2803 in
796 2742 922 2821 scapulis
946 2743 1093 2803 Francisci
1115 2742 1280 2803 consederit
1301 2749 1351 2802 aut
1372 2761 1459 2820 quern
1481 2742 1550 2803 sub·

266 2887 467 2897 ——--—

334 2962 344 2994 ²
363 2965 433 3028 qnod
452 2964 546 3013 officiis
566 2970 609 3013 est
627 2965 651 3013 si
669 2965 757 3013 ocidid.
776 2968 800 3013 in
817 2981 896 3028 rnurp.
910 2969 933 3013 5.
952 2965 988 3012 II.
1023 2964 1136 3026 (Voluit,
1159 2962 1257 3013 rmr'lros
1280 2964 1389 3012 uendere
1413 2965 1480 3028 quod
1495 2969 1551 3013 cirre

265 3051 379 3113 promto,
397 3052 488 3098 sisois
506 3049 646 3098 nruneribus
663 3050 766 3098 honeste
781 3051 956 3114 sunqereulur,
974 3056 1102 3113 prensitare
1121 3047 1262 3107 dederent.)
1316 3047 1412 3096 liturus
1426 3064 1458 3096 uc
1471 3054 1551 3113 signu

201 3175 205 3183 .
269 3135 415 3182 Gernrmu'cc
433 3134 513 3183 lirici
529 3133 583 3182 und
601 3132 704 3198 Siegcl.
746 3132 849 3184 inorbo
869 3149 960 3184 eorum
979 3132 1038 3199 (pru
1057 3134 1164 3183 illorum
1182 3132 1254 3196 edd.)
1274 3140 1298 3182 et
1317 3134 1341 3181 in
1359 3133 1417 3182 edd.
1437 3149 1486 3182 non
1504 3151 1550 3182 ce·

266 3220 348 3267 trrntio
361 3219 430 3282 qnod
449 3218 500 3267 soli
518 3219 588 3268 scite
607 3219 666 3268 sciit
683 3215 688 3281 Ι
703 3225 727 3268 el
742 3222 827 3283 paculio
842 3226 902 3284 post
921 3224 949 3267 el
966 3224 997 3268 ut
1015 3218 1061 3268 ille
1081 3219 1121 3267 sil
1139 3219 1174 3266 od
1190 3233 1267 3281 rnurp.
1282 3221 1306 3266 5.
1325 3219 1410 3267 adscr.
1425 3218 1461 3267 H.
1480 3219 1552 3267 Idem

267 3306 344 3353 lorum
363 3306 533 3368 (incanaqunm
589 3304 657 3352 nuti.
677 3308 774 3353 omnino
792 3306 858 3354 tinen
875 3305 1000 3368 perducta
1018 3305 1173 3353 exinreudurn
1191 3309 1216 3351 el
1233 3319 1281 3365 pro
1300 3318 1330 3351 eo
1347 3303 1412 3351 lrrrne
1434 3303 1554 3365 inferiori

266 3390 374 3452 nrurpini
391 3391 545 3454 adscriptum
560 3391 703 3454 ponendum
720 3405 775 3439 esse
792 3392 977 3452 siqnillrneerut
1004 3389 1137 3452 Quanqni
1155 3387 1188 3436 dc
1207 3386 1320 3448 scribis,
1349 3388 1401 3437 etsi
1420 3387 1552 3452 querendi

270 3488 368 3522 coiisse
387 3474 424 3523 sit
443 3475 527 3536 iustu,
553 3476 637 3525 etiam
657 3474 829 3534 necessarie,
856 3487 920 3538 neq3
944 3473 1015 3522 solos
1040 3478 1145 3535 tamen,
1171 3485 1235 3536 11qu
1258 3472 1359 3537 primos
1383 3473 1553 3521 accusandos

269 3573 341 3618 reor,
365 3560 413 3607 sed
434 3565 483 3608 tum
505 3561 543 3610 dis
566 3562 639 3610 etium
663 3559 745 3608 uerbis
767 3562 834 3608 linea
856 3560 1006 3608 transducta
1029 3559 1073 3606 illo
1096 3560 1121 3607 iu
1139 3559 1197 3609 edd.
1216 3556 1331 3606 exhibitu
1348 3559 1436 3606 iterum
1455 3561 1552 3606 restitui

267 3646 329 3692 uelle
346 3645 502 3708 siqniflrnuit.
538 3644 672 3710 Eprepium
691 3645 840 3692 terrenitatis
858 3650 933 3707 alque
951 3644 1125 3705 imprudentia¹
1142 3659 1196 3692 serre
1218 3643 1358 3705 exemptum
1380 3643 1406 3690 in
1428 3642 1475 3690 lroc
1497 3645 1552 3691 ioco

267 3731 441 3779 constituendo
461 3729 593 3780 ,truncans
612 3730 690 3778 edidit
708 3729 769 3777 doc:
787 3727 928 3776 lucrantur
947 3728 1059 3792 purtim,
1079 3728 1155 3789 dum,
1176 3726 1246 3792 quod
1265 3725 1384 3775 officium
1404 3732 1447 3775 est
1465 3742 1550 3787 sunm,

267 3812 364 3863 literas
383 3830 416 3863 ac
435 3815 515 3880 signa
533 3815 666 3874 rendunt,
688 3812 810 3876 qumidie
830 3811 934 3876 aliquid
952 3828 969 3860 u
982 3812 1151 3878 principibus
1165 3817 1293 3878 exrrgunt.
1313 3812 1475 3874 Quanquam
1488 3811 1551 3876 quid

266 3897 299 3947 dc
317 3900 408 3948 cendia
427 3900 574 3965 tulerimus,
596 3899 642 3962 qui
660 3896 862 3962 qualescunque
881 3900 959 3957 scint,
980 3898 1088 3947 omnino
1107 3899 1206 3963 uliquis
1225 3899 1329 3948 illorum
1343 3911 1407 3946 usus
1421 3901 1471 3955 est,
1491 3911 1552 3944 carru

267 3983 316 4032 elii
335 3984 413 4033 ruuiti
431 3985 487 4035 siut
506 3985 614 4033 coruino
633 3981 759 4042 inutiles,
784 3986 889 4030 tantum
914 3981 1007 4046 fruges
1033 3999 1190 4033 consumere
1214 3983 1286 4042 riuti,
1318 3981 1387 4046 quod
1411 3980 1463 4030 soii
1481 3980 1551 4029 scite

266 4068 365 4117 scirrnt.
386 4070 475 4135 Atque
493 4075 542 4117 rlc.
562 4068 623 4128 errr
640 4068 720 4117 dell.
740 4068 868 4115 orirrolule's
886 4067 951 4115 idem
969 4068 1076 4122 rettudi,
1101 4071 1194 4129 pertun
1217 4067 1281 4114 uitiis
1300 4069 1395 4130 purtim
1413 4066 1551 4116 omissioni-

267 4153 311 4202 irus
328 4153 453 4202 tuberoni.
506 4151 516 4182 ⁶
535 4149 594 4216 ille]
615 4153 712 4201 llornt.
727 4152 815 4216 Epist.
829 4151 850 4199 1.
864 4150 930 4211 ’.ξπ
989 4151 999 4181 ⁸
1016 4150 1043 4198 lri
1062 4149 1123 4197 uriel.
1139 4150 1173 4198 ΙΙ.
1190 4151 1272 4200 ‹lelelu
1287 4154 1360 4214 prius
1377 4153 1509 4214 urdrmdplo
1527 4167 1548 4199 n.

266 4239 320 4302 ipsi
390 4235 408 4269 ¹¹
428 4235 491 4285 olim
511 4241 539 4286 et
557 4237 659 4286 rectius
678 4228 819 4300 φράτορες
842 4236 910 4285 dicii
930 4237 989 4284 odd.
1005 4234 1039 4282 II.
1064 4232 1097 4296 (φ
1117 4239 1142 4280 ut
1160 4235 1184 4282 lt
1201 4235 1324 4299 foraturia)
1349 4238 1492 4298 Aoutoprr
1505 4238 1547 4283 13.

266 4321 415 4370 l’lnelores
434 4321 554 4370 eiusdem
572 4321 716 4387 plnatrire,
738 4320 919 4380 contribules,
939 4317 1049 4383 publico
1068 4316 1134 4383 (non
1152 4319 1272 4382 prinmo,
1291 4326 1321 4368 nt
1340 4320 1452 4383 fratres)
1477 4320 1550 4369 inter

266 4422 295 4455 so
315 4407 456 4455 coniuncti
474 4405 592 4455 vinculo.
631 4404 650 4438 ¹²
669 4406 764 4456 auditu
776 4407 812 4454 ΙΙ.
833 4405 973 4454 auditione
992 4405 1049 4453 edd.
1096 4401 1116 4435 ¹¹
1135 4421 1168 4453 uc
1188 4405 1296 4453 certeLII.
1351 4404 1547 4456 obnisusm.

267 4489 288 4522 ¹⁵
306 4491 359 4539 nisi
379 4507 411 4539 es
430 4491 485 4540 ord.
500 4493 536 4542 sit
556 4493 612 4541 edd.
635 4493 756 4542 Cora-dl.
823 4488 843 4520 ¹⁰
862 4494 975 4538 mortem
993 4494 1061 4538 urreis.
1077 4493 1118 4538 13.
1185 4487 1206 4519 ¹⁰
1225 4488 1347 4537 ‚Sodln
1400 4486 1423 4518 ²⁰
1440 4504 1546 4553 ques...

265 4575 368 4625 limites
386 4577 423 4629 ΙΙ.
442 4591 520 4640 quem
575 4577 689 4626 limitem
707 4578 766 4625 eriri.
819 4590 880 4624 cum
900 4589 924 4638 q.
938 4588 962 4622 ο.
977 4589 1001 4637 q.
1015 4575 1092 4624 velit.
1111 4575 1171 4623 odd.
1185 4574 1221 4622 H.
1273 4570 1294 4602 ²³
1314 4574 1360 4639 qui
1373 4587 1426 4622 uon
1439 4573 1473 4621 II.
1493 4575 1546 4623 nisi

266 4662 311 4727 qui
330 4662 387 4711 cdd.
401 4668 473 4711 etium
488 4665 529 4712 13.
