3382 5370
206 341 279 413 438
635 371 752 406 nutent
771 370 1039 405 rsevnonvaaatttct.

138 547 196 597 tto.
269 531 399 586 Petrus.
436 528 503 598 Quid
526 529 622 585 audio?
645 546 743 585 uxores
766 536 792 584 et
816 526 916 584 liberos
938 527 1037 584 babent
1059 529 1154 584 summi
1178 527 1335 602 pontilicesl

267 614 385 670 lulius.
422 615 522 671 Uxores
545 614 651 686 quidem
674 630 728 669 non
751 613 864 674 habent,
894 612 994 668 liberos
1016 621 1105 669 autem
1128 630 1175 668 eos
1197 612 1295 668 habere
1318 612 1381 686 quid
1404 629 1482 668 mon·

206 702 256 756 stri
277 708 333 762 est,
355 700 400 775 qui
424 699 471 754 riri
494 707 569 759 sunt.
592 716 646 754 non
669 699 802 754 eunuchi?

137 794 195 842 tit.
267 784 395 841 Petrus.
433 784 483 840 Sed
506 802 565 857 quac
588 785 692 840 tandem
716 802 759 839 res
780 792 907 857 coegerat
929 782 1127 839 schismaticum
1148 781 1373 839 conciliabulum?

268 868 388 925 lulius.
425 868 587 943 Pcrlongum
610 869 691 925 luerit
713 886 768 924 rem
791 887 805 925 a
828 869 912 944 prima
935 877 1058 942 repetere
1080 868 1189 940 orgine:
1211 868 1294 923 dicam
1311 869 1501 925 summalimza

204 957 255 1012 iam
279 954 406 1029 quosdam
431 954 529 1009 taedere
550 963 668 1028 cuperat
689 954 815 1009 Romanae
837 953 933 1016 curiam
961 952 1067 1009 aiebant
1091 954 1160 1026 turpi
1191 962 1312 1026 quaestu,
1341 953 1482 1026 prodigio·

205 1125 342 1197 inquinata
378 1141 437 1180 esse
473 1125 575 1185 omnia:
608 1124 738 1198 meipsum
772 1123 876 1179 aiebant
909 1123 1096 1183 simoniacum,
1131 1122 1319 1184 temulentum.
1343 1141 1480 1197 spurcum.

206 1209 338 1265 mundano
363 1209 498 1282 turgidum
521 1209 632 1283 spiritu,
666 1216 692 1264 et
722 1209 845 1264 omnibus
874 1208 960 1263 modis
988 1225 1048 1263 euin
1072 1208 1116 1281 qui
1145 1206 1232 1263 locum
1256 1207 1329 1263 illum
1353 1209 1480 1280 indignus

205 1311 265 1351 cum
288 1311 388 1349 summa
410 1293 568 1351 Christianae
590 1293 744 1368 reipublicae.
767 1293 884 1368 pernicie
908 1310 1079 1367 occuparem:
1110 1293 1199 1365 itaque
1221 1292 1340 1366 generali
1363 1294 1516 1355 conciliorn

136 1380 415 1436 §.insuccurreudum
437 1396 497 1435 esso
519 1378 600 1434 rebus
623 1378 737 1435 alllictis.
782 1378 913 1434 addebant
935 1379 1083 1433 adiuratum
1106 1395 1162 1439 me,
1193 1387 1222 1433 ul
1250 1387 1313 1451 post
1340 1389 1478 1452 acceptum

203 1464 333 1520 bonorem
349 1465 420 1519 intra
436 1464 571 1520 biennium
587 1463 713 1537 generale
727 1464 868 1520 concilium
886 1463 1035 1523 indicerem.
1052 1463 1100 1518 lrac
1111 1462 1171 1535 lege
1183 1471 1300 1519 creatum
1316 1464 1480 1538 pontilicem.

265 1549 399 1604 Petrus.
436 1551 523 1621 Atque
546 1549 570 1604 id
594 1566 654 1604 vere
675 1548 794 1604 dictum?

267 1632 387 1689 lulius.
425 1633 506 1689 lnrmo
529 1642 556 1689 et
580 1634 687 1689 luctum.
723 1643 751 1689 at
774 1634 830 1708 ipse
853 1651 894 1690 me
917 1632 949 1688 ab
972 1650 1004 1688 eo
1029 1632 1215 1695 iureiurando,
1237 1651 1296 1689 cum
1319 1633 1406 1690 visum
1428 1645 1478 1698 est,

205 1717 318 1776 absolvi:
342 1718 403 1791 quis
425 1726 513 1773 autem
535 1718 639 1774 dubitet
662 1718 701 1774 rel
724 1719 827 1793 quidvis
848 1719 983 1780 deierare,
1006 1736 1065 1774 cum
1087 1719 1119 1773 dc
1142 1735 1226 1791 regno
1242 1718 1351 1791 agitur?
1376 1719 1400 1775 in
1417 1718 1478 1776 aliis
1492 1741 1514 1781 rs

136 1802 316 1861 §.incolenda
339 1803 440 1876 pietas,
463 1811 493 1858 ut
514 1803 653 1877 eleganter
676 1803 720 1859 ille
743 1803 824 1858 lulius
845 1804 912 1859 dixit
934 1803 1004 1859 alter
1025 1820 1085 1876 rgo.
1123 1802 1174 1858 Sed
1189 1803 1323 1859 audaciam
1340 1804 1479 1861 hominum

204 1896 311 1962 specta,
339 1888 397 1943 ride
426 1905 554 1961 quorsum
585 1889 709 1944 evadant:
742 1889 893 1945 desciscunt
917 1905 1011 1943 novom
1032 1887 1196 1950 cardinales,
1230 1888 1388 1944 dcrrtrntiant
1413 1890 1479 1946 mihi

203 1972 362 2035 concilium,
384 1973 511 2035 invitant,
534 1983 612 2029 orant
633 1982 662 2028 ut
685 1974 858 2047 praesideam
881 1991 940 2030 curn
963 1992 1016 2030 nou
1041 1974 1200 2046 impetrant.
1231 1974 1350 2029 indicunt
1372 1975 1480 2031 unirer·

203 2059 254 2121 sis.
281 2058 395 2114 authore
418 2058 595 2114 blarimiliano
627 2066 752 2133 tanquam
771 2059 931 2133 imperatore
954 2057 1037 2133 (quod
1059 2059 1180 2114 historiae
1204 2067 1337 2114 testantur
1359 2059 1422 2115 olim
1445 2060 1479 2117 ab

204 2143 411 2217 imperatoribus
442 2143 567 2199 Romanis
596 2143 738 2200 concilium
769 2144 847 2201 indici
880 2143 993 2216 solere).
1021 2144 1135 2199 authore
1161 2144 1224 2200 item
1246 2142 1380 2200 Gallorum
1404 2145 1513 2218 Regem

203 2228 336 2284 lodovico
359 2229 417 2284 eius
439 2228 554 2284 nominis
582 2229 753 2293 duodecimo,
782 2229 911 2286 horresco
935 2229 1067 2291 reterens,
1091 2245 1121 2284 ac
1143 2229 1258 2285 tunicam
1280 2227 1351 2284 illam
1377 2229 1477 2286 Christi

203 2311 391 2369 inconsutilem
415 2323 548 2370 currantur
573 2314 737 2376 discindere,
770 2331 849 2388 quam
875 2314 902 2369 hi
929 2331 1038 2388 quoquo
1071 2312 1240 2387 reliquerunt
1270 2313 1402 2387 integram
1432 2315 1479 2391 qui

203 2397 336 2454 Christum
356 2398 554 2456 crucifixerunt.

134 2492 193 2541 tto.
263 2483 397 2539 Petrus.
433 2484 497 2540 Eras
521 2485 674 2542 huiusmodi
694 2484 798 2560 qualem
822 2485 861 2540 illi
883 2483 1080 2559 praedicabant?

264 2568 385 2624 lulius.
423 2568 489 2637 Quid
510 2570 541 2625 ad
563 2570 637 2626 rem?
661 2588 791 2626 summum
814 2571 893 2627 ctiam
915 2569 1068 2644 pontificem
1089 2566 1159 2641 linge
1176 2568 1216 2624 rel
1232 2568 1395 2644 Cercopibus
1418 2588 1511 2634 sce-os

200 2684 400 2696 *—

272 2750 464 2805 ¹et1.1o.15.
496 2767 529 2801 nc
548 2755 698 2804 tunuli.
735 2751 832 2802 ²Suos
851 2752 958 2816 quidem
976 2767 1019 2803 ux.
1034 2754 1227 2804 astuitia.
1274 2757 1478 2806 eosl.5.lO.15.

200 2839 405 2889 pulsatura.
442 2835 871 2890 ³oumsinti'iri2.3.5.8.ll.ii.
906 2834 1145 2903 ‘coegerotlld
1176 2837 1478 2892 excitnrnt2.t.5.8‚ll.

202 2918 384 2971 scismaticum
397 2923 420 2974 1.
456 2921 815 2975 iiludoonc.2.3.5.8.lt.li.
850 2921 996 2986 ‘’undique
1015 2923 1070 2986 inq.
1085 2924 1207 2974 tauri.
1245 2921 1478 2988 let]eca.3.5.8.

201 3007 284 3057 1115.
298 3005 501 3059 mod.0nm.alii.
543 3005 564 3039 ¹⁰
581 3007 739 3074 reipublice
752 3007 813 3058 Chr.
827 3010 1021 3060 tansitis.
1057 3006 1170 3057 consilio
1190 3013 1212 3060 1,
1250 3005 1270 3040 ¹¹
1287 3010 1479 3060 incurrendum

201 3092 223 3139 1.
243 3092 453 3141 succurrendum
471 3099 518 3142 cet.
573 3091 592 3124 ¹⁴
611 3098 639 3141 et
656 3093 724 3145 ornis.
738 3095 861 3144 aonii.
915 3092 935 3123 ¹⁶
953 3093 1021 3141 dixit
1041 3093 1125 3142 tutin·
1143 3092 1250 3154 (Caesnr
1267 3096 1326 3145 edd.
1340 3097 1385 3155 8.),
1407 3096 1481 3147 ulter

200 3178 341 3229 2.3.1t.15.
360 3176 392 3225 In
410 3180 435 3230 8.
453 3180 528 3227 etiem
544 3179 599 3227 hauc
614 3183 700 3242 plesse
716 3181 828 3242 sequeitur
845 3177 894 3239 „si
914 3178 1003 3242 loges,
1024 3179 1126 3242 inquit,
1146 3180 1317 3243 crrrrlringcre
1336 3181 1405 3245 plres
1424 3190 1479 3246 est,

201 3264 276 3310 corte
295 3266 351 3310 tum
369 3263 486 3311 maxime
510 3268 564 3323 cet,
589 3278 670 3328 quum
687 3276 803 3327 regnare
823 3264 1020 3328 concupierie.''
1058 3266 1107 3312 Cic.
1122 3266 1153 3313 de
1170 3265 1215 3328 off.
1229 3269 1270 3317 111,
1284 3264 1363 3327 ibat.
1392 3267 1479 3328 „Nam

198 3351 223 3395 ri
243 3347 382 3396 uiolandum
405 3355 443 3398 eet
463 3350 516 3412 lua,
544 3349 668 3412 repetundi
688 3349 776 3411 pratia
791 3350 796 3406 Ι
814 3348 961 3397 Violandum
984 3354 1034 3407 ert,
1064 3349 1121 3397 aliis
1144 3349 1218 3398 rebus
1237 3351 1356 3414 pietatem
1379 3356 1478 3407 colac''.

202 3428 222 3461 ¹⁷
240 3428 401 3482 cardinales
420 3424 529 3495 nouerit,
550 3433 719 3482 denuncient
738 3431 927 3498 (denuntia.)
951 3436 1144 3485 2.3.5.8.11.15.
1180 3434 1264 3489 ..Nem
1288 3453 1358 3500 quum
1381 3440 1478 3503 aliquot

201 3516 369 3566 Gcrdlnalium
386 3520 481 3567 animos
498 3535 515 3567 α
532 3518 616 3567 debito
634 3519 765 3581 Pontificio
779 3519 831 3580 lide
846 3520 960 3580 pecuniis
978 3523 1002 3567 ct
1023 3520 1247 3582 pollicitationihur
1267 3510 1351 3570 Gallus
1373 3520 1479 3586 lierda·

198 3602 265 3651 vicus
283 3599 351 3666 art]
368 3603 543 3658 redemisset,
568 3610 612 3669 qut
632 3605 777 3668 eprediente
795 3604 895 3652 Romam
914 3602 978 3651 Iulio
997 3603 1072 3652 Pisas
1089 3605 1204 3653 continuo
1222 3611 1280 3653 siant
1294 3607 1415 3669 profecti,
1434 3624 1478 3672 pe·

198 3687 292 3736 neralis
306 3688 500 3738 Chrtbtr'mrornm
517 3696 651 3739 conventus
669 3689 850 3753 Imperatoris,
870 3688 992 3737 haiderici
1008 3695 1033 3736 ct
1048 3688 1215 3737 l'urdlnalinm
1233 3692 1328 3739 nomine
1346 3693 1476 3753 indicitur,

197 3773 326 3836 missisque
350 3789 399 3837 per
420 3773 503 3822 orbem
525 3781 651 3823 terrerum
674 3773 753 3823 literis
777 3771 856 3822 Iulius
880 3773 1004 3834 Pontifec¹
1026 3774 1062 3821 ud
1082 3775 1213 3823 dicendam
1240 3790 1340 3825 corisum
1362 3783 1476 3826 crocatur.

197 3857 280 3906 Huius
302 3857 458 3907 conciliabuli
479 3864 597 3908 ductrices
617 3859 692 3922 ficere
711 3857 888 3906 Bernnrrtinus
914 3858 1048 3906 l'aroooiai
1069 3858 1256 3922 Hispanus
1285 3867 1310 3909 et
1335 3861 1477 3912 Guillelmus

197 3941 349 3991 Brirroneta
368 3943 453 3992 Gallus
536 3943 697 3997 l'urdiuolee,
716 3943 868 3992 Franciscus
886 3942 985 4005 Borpia
1002 3943 1134 4006 Hispanus
1147 3982 1167 3996 ..
1187 3950 1212 3993 et
1230 3980 1252 3996 ..
1271 3946 1426 4008 licpiuuldue
1444 3952 1477 3997 de

197 4025 264 4075 Bria
288 4028 430 4086 Gallus...
455 4028 593 4077 Ferieriens
615 4029 799 4076 itaueeven'uas
818 4066 842 4079 ..
869 4027 1025 4077 Gordianus:
1053 4028 1177 4090 Pontifex
1199 4029 1259 4077 nihil
1279 4035 1409 4079 cunctetur
1431 4047 1479 4081 eos

196 4114 263 4160 omni
279 4113 400 4176 dipnitatc
419 4115 543 4178 titulisque
560 4114 687 4175 priuatos,
709 4113 797 4161 Gallim
815 4128 897 4175 repam
910 4112 1073 4170 hludovicum,
1092 4129 1175 4163 ornnes
1187 4115 1261 4162 etium
1271 4116 1397 4176 facinoris
1409 4119 1480 4166 tanti

197 4201 222 4244 et
238 4198 367 4261 sacrilepii
380 4198 509 4259 fautores.
537 4198 670 4246 hereticos
693 4214 724 4246 ae
745 4198 916 4246 schismaticos
938 4199 1073 4248 interdicto
1094 4215 1143 4262 per
1165 4205 1241 4248 totam
1265 4199 1369 4248 Gallium
1390 4217 1477 4251 remen

195 4296 325 4330 ancrurum
343 4297 386 4331 usu
402 4279 603 4345 pronunciarit'.
625 4283 739 4332 (luccen.
758 4283 809 4332 Vit.
823 4282 928 4348 Ponitis.
948 4289 989 4336 111,
1008 4300 1034 4348 p.
1047 4283 1105 4335 227.
1125 4285 1163 4346 ils.
1177 4286 1247 4346 iufra
1259 4286 1282 4344 §-
1295 4285 1337 4338 82,
1393 4283 1414 4318 ¹⁸
1434 4287 1476 4336 in-

196 4364 281 4413 duciat
299 4368 322 4416 l.
347 4365 478 4415 inducunt
498 4369 536 4418 10.
587 4365 608 4398 ²¹
627 4367 858 4420 bedonicotas.
895 4368 1264 4420 Ludouico2.3.5.10.lt.la'.
1316 4367 1338 4400 ¹²
1356 4370 1384 4420 bi
1403 4376 1475 4424 ΜΟ.

196 4449 215 4496 ii
233 4452 384 4502 canuti.
405 4450 917 4514 (Jf.Ennnp.eec.loonn.X1X.23.‘2l.
980 4450 1001 4482 ²³
1021 4452 1157 4502 Christum
1174 4456 1243 4504 oncis.
1263 4457 1359 4506 auti.
1413 4472 1476 4506 crn-

197 4531 342 4583 cifixorant
360 4539 454 4588 uuit.
517 4534 539 4567 ¹¹
558 4537 611 4585 Sed
630 4552 690 4587 eras
710 4536 863 4586 istiusmodi
882 4539 1007 4589 t.3.8.11.
1043 4539 1112 4586 liras
1129 4538 1247 4597 homini,
1267 4555 1292 4602 q.
1307 4539 1324 4591 i.
1336 4554 1377 4603 p,
1398 4541 1475 4592 simi·

195 4616 247 4666 lis?
267 4621 306 4667 10.
342 4619 396 4669 Sed
416 4636 477 4670 eros
494 4620 665 4671 lurinsmodi?
685 4624 723 4673 15.
775 4619 798 4653 ²⁵
815 4636 933 4671 summus
953 4638 1026 4671 eram
1045 4623 1185 4681 Pontifex,
1206 4623 1277 4689 linge
1297 4639 1339 4672 mc
1358 4624 1402 4673 vel
1417 4630 1476 4680 2.3.

195 4707 331 4757 uerius.
381 4705 547 4771 Cecropibue
566 4711 606 4761 11.
642 4702 786 4771 Corcopos]
807 4707 948 4756 I’ilhecusnr
965 4709 1053 4757 insulare
1067 4709 1157 4772 populi
1173 4709 1203 4758 ob
1219 4710 1327 4771 incudm
1341 4712 1476 4773 periuria·
