3382 5370
270 308 318 380 96
531 325 597 375 1111.
666 341 802 375 roarvan.
838 342 976 377 nrauonvs
997 343 1179 379 urrrarrrers.
1199 327 1281 392 (rata.)

332 515 483 555 rourvun.
521 493 603 554 liano
626 503 723 554 terum
746 493 794 555 illo
818 505 947 566 voverat,
970 497 994 556 sl
1017 505 1096 558 reete
1118 498 1245 558 memini.

333 616 502 658 urrrsnvs.
540 596 599 657 Cirr
620 597 682 676 ipse
705 598 868 676 impetrarit
889 599 976 675 igitur
999 600 1114 678 potius?

334 719 485 761 roarvuli.
523 697 594 767 Ouia
618 700 692 758 lorte
714 698 780 778 plus
801 698 932 778 vigilavit.

333 820 503 863 urrrunvs.
540 801 583 861 nu
605 799 685 879 plus,
714 802 763 880 qui
791 820 940 881 uunquam
968 810 1047 863 reete
1074 801 1170 881 vigilat
1192 811 1221 865 et
1242 821 1328 884 quern
1351 805 1481 883 oportuit
1503 823 1549 863 so·

202 904 377 968 corcordiae
398 920 499 982 prunas
521 902 591 962 dare
613 921 686 970 sure,
710 920 767 962 uon
789 903 920 963 debitum
943 903 1090 964 industriis
1104 904 1215 965 honum
1230 900 1370 966 obtinere.
1408 905 1570 973 Tarracon

270 1014 301 1067 ut
323 1004 420 1072 rirloo,
450 1002 518 1063 illud
551 1022 582 1065 os
609 1003 769 1073 theatrum,
798 1005 826 1064 in
855 1025 912 1085 quo
935 1007 1042 1085 optima
1066 1024 1142 1085 supe
1165 1006 1227 1066 loca
1251 1007 1439 1086 indignissimi
1462 1006 1549 1086 aliqui

269 1108 395 1187 capiunt.

331 1229 483 1271 roarvna.
521 1209 614 1287 Atque
637 1206 683 1268 illa
706 1226 760 1286 ego
783 1226 847 1268 sum
870 1226 971 1277 scona,
996 1228 1030 1269 ea
1053 1229 1111 1289 qua
1133 1208 1203 1270 alias
1225 1209 1272 1271 alii
1295 1211 1385 1272 induti
1408 1227 1550 1290 personas

269 1311 429 1390 prodeunt,
453 1327 614 1388 rursusque
635 1311 760 1378 intrant,
784 1318 871 1389 atque
893 1311 997 1371 iterum
1014 1318 1154 1372 exeuntes
1176 1312 1313 1391 depositis
1333 1312 1481 1392 prioribus
1497 1331 1548 1372 uo·

268 1431 318 1472 ras
339 1413 477 1473 continuo
492 1411 660 1481 adsumunt,
685 1419 716 1472 ut
730 1414 779 1490 qui
796 1410 881 1491 paulo
897 1421 963 1472 anto
978 1411 1073 1473 servili
1089 1412 1187 1473 habitu
1204 1417 1353 1493 conspecti
1374 1423 1455 1482 suut,
1479 1432 1546 1474 ruox
1558 1430 1582 1473 ro

269 1533 354 1593 reges
376 1516 432 1574 sint
454 1521 503 1573 arrt
525 1508 696 1584 tetr'arclrm,
720 1522 820 1574 eontra
843 1516 891 1593 qui
914 1515 1062 1594 principes
1084 1532 1180 1593 nuper
1203 1513 1380 1585 retulerunt,
1404 1514 1487 1576 aliam
1503 1531 1549 1574 re·

271 1624 357 1707 pente
379 1616 471 1676 induti
494 1633 648 1694 porsonam
671 1616 813 1676 cardones
835 1618 892 1676 siut
914 1622 964 1676 aut
985 1617 1159 1695 carpentarii
1182 1617 1259 1676 liant.

202 1732 258 1783 §.aa
333 1737 502 1779 uvrraavs.
540 1717 576 1777 Et
598 1716 644 1777 illa
666 1723 696 1778 tu
720 1736 765 1786 es,
790 1724 942 1797 utramque
964 1716 1100 1797 pagiuam
1116 1737 1179 1797 quae
1195 1719 1279 1789 iacis,
1303 1717 1364 1780 allis
1381 1721 1549 1799 imprimens

268 1821 426 1888 tristitiam,
450 1818 511 1879 aliis
533 1819 698 1879 discutiens.
1162 1838 1166 1847 ·

330 1942 482 1983 rourum.
520 1921 556 1981 Et
577 1919 624 1980 illa
647 1938 701 1998 ego
725 1922 752 1982 in
776 1940 823 1982 me
845 1920 1024 2001 eorrrplector
1047 1921 1203 1982 llemocriti
1226 1923 1344 1983 numina
1360 1920 1460 1990 simul,
1483 1921 1582 1984 Pru-n

269 2041 335 2082 uam
358 2030 387 2083 et
408 2023 595 2084 Beuesseiurn.

331 2146 501 2188 avrranro.
538 2127 594 2186 rlut
622 2125 768 2205 quoddam
796 2145 827 2186 es
850 2134 879 2185 tu
902 2124 1046 2186 lubricum
1070 2126 1132 2186 ritae
1154 2125 1294 2194 stadium,
1324 2127 1353 2187 iu
1376 2145 1434 2206 quo
1458 2125 1548 2186 cursi-

269 2235 362 2288 tantes
383 2226 522 2288 labuntur
543 2225 705 2307 plerunque
728 2235 757 2288 et
779 2246 896 2289 rursum
919 2235 1077 2306 exrrrguut,
1107 2245 1315 2307 nonnunquam
1344 2247 1381 2289 no
1403 2236 1548 2306 errugunt

268 2329 401 2408 quidem,
425 2328 471 2389 alii
494 2326 564 2388 alios
586 2331 780 2407 praereuiuut,
810 2331 984 2392 seinvicem
1007 2347 1108 2389 omnes
1130 2338 1281 2408 promunt,
1311 2331 1395 2410 plauci
1416 2328 1547 2391 brorium

268 2431 480 2512 nrlsequuntur,
503 2429 602 2509 plures
624 2449 711 2491 cursu
734 2425 839 2493 defessi
862 2433 1012 2510 prmaeium
1029 2450 1114 2492 omue
1130 2431 1301 2511 desperant,
1326 2433 1354 2493 iu
1370 2436 1462 2493 totum
1478 2448 1581 2492 eon-ao

268 2535 357 2593 tentio
381 2541 431 2592 est.
477 2533 512 2593 m
534 2539 566 2593 ut
587 2532 681 2593 dicam
703 2533 782 2612 quod
806 2535 915 2601 sentio,
938 2532 1008 2594 nihil
1031 2534 1124 2594 estin
1147 2541 1174 2594 te
1195 2533 1311 2600 stabile.
1335 2533 1405 2624 nilril
1421 2535 1547 2602 llrmum,

269 2634 378 2714 aequale
401 2655 435 2696 ac
457 2633 596 2703 solidum,
625 2636 701 2694 varia
724 2637 834 2705 omnia,
863 2635 991 2705 lubrica,
1022 2652 1091 2712 vaga
1120 2643 1148 2696 et
1170 2635 1206 2696 de
1228 2634 1303 2695 lacili
1325 2636 1446 2697 invicem
1469 2655 1547 2697 eom-

270 2735 425 2797 mutabilia.

201 2853 260 2903 §.oa
333 2859 483 2902 coaevus.
521 2838 568 2899 Sic
590 2840 685 2908 aiunt,
716 2847 744 2900 ct
766 2839 813 2900 alii
835 2848 957 2901 matrem
981 2859 1027 2901 me
1049 2838 1188 2908 salutant,
1217 2854 1371 2899 novercam
1400 2838 1446 2901 alli
1469 2839 1547 2900 dete·

268 2948 389 3002 stantur.
1553 2956 1579 2996 ‘u

331 3064 501 3105 amuranus.
538 3043 680 3104 Nimirum
702 3042 774 3104 alios
795 3063 861 3104 cum
884 3042 990 3104 lrlaude
1013 3044 1125 3113 loreas,
1149 3042 1220 3103 alios
1241 3042 1398 3106 crudeliter
1413 3043 1546 3122 adfligam

268 3145 503 3207 ulammaus
530 3147 652 3224 optimc,
681 3147 758 3225 qnod
787 3164 844 3205 noa
877 3141 1002 3224 perstas,
1031 3147 1214 3224 quominus
1243 3147 1348 3206 cllerre
1377 3164 1408 3206 se
1431 3147 1481 3226 qni
1502 3164 1547 3205 se·

268 3248 391 3309 mindam
415 3249 604 3327 experiuntur
626 3250 751 3327 possint,
780 3255 829 3308 aut
851 3247 1008 3326 desperare
1035 3249 1084 3326 qui
1113 3247 1271 3307 adrcrsaur.
1317 3248 1409 3318 Quam
1433 3266 1547 3308 accom-

268 3350 383 3410 modate
405 3349 441 3410 de
463 3359 491 3410 te
513 3351 600 3429 igitur
621 3352 736 3431 scripsit
757 3350 879 3411 exinrius
901 3357 996 3429 poeta,

268 3521 469 3530 ——-

234 3671 240 3675 -
336 3637 477 3704 ⁴uuquam
491 3643 515 3689 2.
578 3637 595 3672 ¹¹
616 3639 660 3690 Cf.
673 3638 739 3688 Hor.
753 3655 833 3688 serm.
846 3638 868 3687 1.
881 3636 906 3699 3,
921 3646 953 3686 tt.
1015 3637 1035 3669 ¹³
1053 3638 1124 3687 Plin.
1139 3638 1173 3687 H.
1187 3638 1219 3686 N.
1233 3637 1269 3687 ll.
1283 3637 1307 3698 7,
1321 3647 1343 3687 5.
1362 3638 1453 3700 „Huic
1473 3634 1546 3704 [For-

268 3722 351 3789 tunae]
366 3725 457 3774 omnia
471 3724 594 3774 feruutur
607 3728 736 3789 accepta,
752 3729 779 3772 et
792 3725 818 3772 in
832 3722 1009 3773 toleratione
1023 3724 1177 3772 mortalium
1190 3721 1249 3773 sola
1263 3728 1403 3788 utramque
1416 3724 1546 3788 pagiuam

269 3809 365 3858 lacit.''
393 3810 509 3858 Locutio
528 3826 544 3857 a
564 3808 704 3858 codicibus
724 3809 832 3873 accepti
851 3813 879 3856 et
902 3809 1015 3873 expensi
1037 3816 1144 3874 sumpta
1163 3811 1219 3857 est:
1242 3807 1363 3857 Fortuna
1381 3813 1461 3872 prout
1478 3807 1547 3856 libet

268 3893 418 3943 creditores
430 3893 603 3943 delritoresro
616 3892 719 3941 scribit.
756 3889 1303 3957 ¹⁵llemoerltiuum.]Pliu.ll.N.Il.5,t.
1346 3889 1547 3942 ¹'laturiam-³

266 3977 408 4045 βραβεῖον,
427 3978 566 4027 brabeum.
581 3977 822 4041 „Oruuesquidem
836 3982 959 4040 currunt,
973 3977 1101 4027 sedunus
1120 3977 1224 4042 accipit
1237 3978 1389 4027 oravimus*
1409 3976 1487 4027 Paul.
1502 3993 1544 4042 ep.

266 4064 287 4113 1.
302 4063 335 4112 ad
349 4064 410 4113 Cor.
425 4063 471 4112 IX.
485 4064 526 4111 tlt.
562 4061 581 4094 ²¹
595 4061 664 4110 nihil
678 4066 720 4111 est
732 4060 792 4126 ete]
813 4062 883 4111 Plin.
897 4062 915 4115 l.
930 4079 953 4116 e.
974 4063 1063 4124 „Toto
1077 4063 1175 4127 quippe
1190 4063 1287 4111 mundo
1301 4069 1328 4112 et
1340 4061 1408 4111 locis
1421 4061 1546 4111 omnibus

265 4149 442 4213 omnibusque
466 4147 539 4196 horis
562 4147 679 4196 omnium
698 4147 811 4196 vocibus
829 4148 952 4197 Fortuna
974 4146 1034 4197 sola
1052 4148 1209 4210 invocatur,
1234 4162 1288 4196 uua
1307 4148 1472 4204 nominatur,
1492 4161 1546 4195 uue

266 4238 425 4294 accusatur,
450 4246 505 4281 uua
530 4231 621 4296 agitur
644 4247 705 4292 rea,
726 4247 780 4280 une
799 4233 950 4296 cogitatur,
975 4232 1034 4282 sola
1052 4231 1193 4294 laudatur,
1219 4232 1277 4281 sola
1296 4233 1420 4296 arguitur
1439 4236 1545 4280 etcum

266 4317 399 4367 conviciis
418 4316 529 4366 colitur:
553 4315 696 4377 volubilis,
722 4332 739 4365 a
757 4315 894 4381 plerisque
918 4331 982 4366 roro
1007 4322 1033 4365 et
1057 4331 1133 4365 emen
1157 4317 1242 4365 etlam
1266 4316 1435 4376 existimata,
1461 4331 1541 4380 rega,

265 4402 438 4461 inconstans,
458 4401 576 4463 incerta,
596 4402 688 4463 varia,
708 4401 933 4466 indignorumque
952 4402 1080 4452 fautrix.''
1148 4397 1170 4431 ²¹
1189 4401 1237 4451 alii
1256 4398 1346 4464 ruera]
1359 4387 1474 4449 'Allata
1491 4416 1542 4466 pq-

264 4477 345 4551 τρυιὴ
364 4477 442 4534 πέλει
462 4475 567 4551 ἡμέρη,
586 4475 684 4538 ἄλλοτε
702 4479 805 4552 pq'tqp.
835 4485 1101 4536 Hermoniacum.
1126 4485 1317 4536 APharoriuo
1336 4484 1407 4550 apud
1426 4484 1495 4534 Gall.
1510 4485 1542 4534 N.

264 4573 295 4620 A.
309 4571 394 4619 xt'rl.
413 4569 453 4628 l‘l,
468 4580 498 4634 t.‚
518 4571 682 4637 Diogouian.
696 4573 734 4621 ll.
747 4570 787 4619 ill.
803 4575 829 4619 et
848 4571 883 4620 ab
903 4571 966 4620 aliis
986 4569 1076 4620 multis
1094 4570 1227 4635 repetitur
1238 4586 1342 4621 versus.
1378 4570 1445 4618 Dies
1459 4585 1542 4634 quan·

263 4654 351 4720 doque
370 4670 501 4719 noverea,
522 4655 682 4721 quaudoque
702 4661 743 4706 est
761 4670 868 4722 pareus.
920 4653 942 4686 ²⁹
960 4653 1052 4721 poeta]
1071 4655 1175 4722 Vergil.
1189 4656 1255 4706 Aea.
1268 4656 1315 4706 XI.
1327 4652 1387 4705 426.
1401 4668 1442 4718 sq.
