3382 5370
409 339 474 389 1111.
543 354 679 389 roarvno.
715 353 854 389 nrtconve
872 354 1055 391 nvrrnurcvs.
1075 337 1163 404 (tatu.)
1376 326 1419 398 81

209 527 380 570 ararum's.
416 507 534 568 Rectius
555 508 645 569 latere
667 511 710 569 vis
732 528 778 569 me
801 510 905 586 igitur?
1434 524 1493 574 tra.

210 630 360 671 ronrvun.
399 609 462 670 Non
484 612 609 678 rectius,
631 628 699 670 nam
722 620 750 670 et
773 609 894 672 latentes
916 612 1088 690 contingunt
1109 632 1174 692 quae
1196 613 1326 691 proiicio.

211 731 383 773 nrrrcuvs.
421 712 458 772 ll
480 712 732 773 commonefacere
755 732 801 773 mc
823 713 961 782 ridearis,
985 715 1090 792 nequid
1113 717 1194 792 prius
1209 714 1262 774 abs
1277 723 1305 775 tc
1321 724 1426 795 petam,

146 832 235 893 quam
262 822 295 873 ut
323 814 441 873 omuino
470 812 539 873 nibil
568 814 694 881 tribuas,
728 833 786 893 quo
815 834 852 875 ne
880 814 955 875 bona
985 823 1086 894 petens
1118 816 1183 877 mali
1213 818 1353 895 accipiam
1377 818 1427 879 ab·

124 916 225 976 sunda
246 918 324 975 satis.

209 1039 359 1081 ronrvuo.
396 1019 489 1096 Atque
511 1018 573 1079 istis
595 1024 748 1079 contentos
771 1026 802 1078 ul
825 1019 872 1078 sis.

210 1140 384 1182 nvrrnnvs:
419 1120 447 1179 Si
472 1138 536 1181 csse
559 1138 611 1198 par
634 1125 662 1181 te
685 1119 777 1181 liccat.

210 1243 360 1284 ronrvun.
399 1220 431 1281 ld
453 1240 537 1282 casus
560 1222 677 1283 dalmat.

210 1344 381 1386 nrrrnuvs.
419 1324 455 1382 dt
477 1325 546 1384 istos
569 1324 650 1384 valde
674 1324 798 1384 lormido
821 1343 914 1385 casos,
1438 1343 1496 1394 §.ro

112 1449 140 1490 ιο
212 1446 364 1487 roncum.
402 1426 438 1485 tt
459 1424 514 1485 alio
537 1444 592 1503 ego
614 1444 695 1487 more
718 1427 788 1486 dare
811 1426 880 1486 nibil
902 1427 992 1487 soleo.

210 1547 382 1591 nvrruuvs
420 1527 494 1600 Ouid
517 1529 541 1588 si
563 1528 658 1588 lovem
682 1546 804 1588 oravero
827 1530 930 1605 igitur,
954 1530 1079 1606 primum
1102 1537 1167 1590 tuos
1189 1531 1280 1591 malos
1302 1539 1333 1591 ut
1348 1551 1429 1592 arer-

147 1637 189 1689 tat
211 1647 310 1697 casus,
334 1629 438 1689 deinde
461 1629 535 1689 bona
559 1636 591 1688 ut
613 1631 760 1690 lortamct?

209 1752 362 1794 ronanus.
400 1730 459 1791 lam
482 1731 634 1792 obsurduit
657 1734 729 1792 rotis
751 1732 894 1811 luppiter,
924 1751 1020 1810 neque
1043 1732 1081 1795 illi
1104 1732 1253 1795 molestius
1276 1737 1430 1815 quicquam

147 1835 266 1901 leceris,
290 1852 378 1912 quarn
400 1833 468 1893 istas
490 1840 555 1893 toas
576 1835 599 1895 si
623 1852 770 1913 proponas
792 1836 928 1894 rationes,
973 1835 1019 1895 dic
1042 1836 1127 1903 enim,
1151 1837 1219 1914 qrrirl
1236 1839 1277 1897 ris
1293 1845 1323 1897 ut
1338 1839 1430 1899 sortu-

111 1943 197 1999 nnct
218 1935 288 1996 tibi?

210 2058 381 2099 uvrrnmrs.
419 2037 499 2107 Uxor
515 2044 546 2097 ut
562 2039 709 2117 contingat
731 2047 866 2108 venusta,
890 2038 984 2107 dives,
1008 2037 1242 2109 adulescentula,
1265 2042 1373 2119 rodime
1388 2043 1498 2103 intro.

147 2141 244 2200 stituta
267 2145 296 2199 et
317 2139 448 2199 educata.
1493 2144 1497 2153 '

209 2261 360 2303 scurrus.
398 2241 496 2302 Toties
518 2242 593 2303 idem
622 2242 659 2302 ab
690 2241 737 2303 illo
766 2249 880 2303 oratum
909 2250 953 2302 cst
980 2245 1051 2304 iam:
1085 2245 1242 2304 irascetur:
1277 2245 1345 2323 ipsis
1375 2245 1430 2305 boc

148 2346 224 2404 enirn
247 2343 407 2404 Fuccbcris
429 2344 561 2422 optinere
583 2344 698 2405 dildcile
721 2350 811 2412 esset;
841 2345 918 2424 qrrrul
941 2345 1012 2405 sicui
1036 2364 1136 2406 eorum
1153 2347 1232 2424 optio
1247 2345 1347 2415 detur,
1371 2349 1431 2407 scio

113 2444 236 2508 rotalcm
258 2463 379 2506 rrxorem
402 2446 464 2505 istis
485 2452 527 2505 tot
549 2445 676 2507 millibus
698 2446 895 2524 praedaturum.

211 2567 382 2609 uvrrnnrs
420 2549 513 2626 Atque
536 2564 591 2624 ego
614 2547 783 2626 praetulero:
813 2550 859 2609 dic
882 2550 951 2610 mibi
974 2557 1086 2617 autom,
1118 2548 1227 2609 babent
1248 2553 1340 2628 magis
1362 2569 1430 2630 pro·

149 2652 250 2728 pilium
272 2648 415 2709 Fuccberi
439 2649 533 2710 lorcin
557 2669 643 2728 quam
667 2669 700 2710 ex
725 2651 878 2729 egentibus
900 2650 1021 2729 quilibet
1042 2659 1092 2711 aut
1115 2651 1259 2712 bonorum
1282 2652 1402 2732 aliquis?

210 2772 361 2814 ronrvno.
399 2752 441 2812 ta
466 2759 580 2830 ternpus
602 2751 726 2812 babcnt:
755 2772 821 2814 nam
851 2761 990 2832 perpetua
1020 2771 1078 2812 nnn
1107 2761 1174 2817 sunt
1201 2772 1266 2832 qum
1294 2773 1349 2833 ego
1372 2757 1495 2823 dis-§.n

149 2874 255 2933 penso:
285 2872 322 2915 an
351 2871 410 2913 non
439 2854 543 2914 audisti
565 2852 710 2932 Iliplrilum
734 2874 800 2915 cum
823 2854 892 2914 dicit
914 2851 1080 2936 ίφημέρας
1105 2849 1203 2935 τύχας
1224 2850 1431 2936 κεκτήμεθαλ

115 2978 140 3017 aa
211 2975 383 3017 nvrranvs,
420 2955 521 3015 tuum
557 2963 584 3015 et
612 2955 780 3032 'ilreogncm
815 2956 926 3025 adbuc,
960 2956 1096 3028 πολλοῖς
1129 2951 1321 3037 ἅχρήστοισι
1350 2953 1430 3031 θεὸς

149 3055 238 3119 dodoi
254 3051 369 3136 ὄλβιον
387 3052 521 3118 ἐσθλόν.
559 3056 617 3116 lam
641 3065 668 3118 te
691 3059 778 3134 igitur
800 3058 930 3119 desinam
953 3076 1038 3118 orarc
1061 3065 1147 3136 atque
1170 3058 1267 3119 itidem
1290 3079 1428 3121 accusare
1439 3072 1498 3121 tra.

149 3159 293 3227 desinam,
316 3158 458 3238 siquidem
481 3158 629 3219 distribuis
650 3156 807 3228 incertum,
831 3161 912 3238 pensi
934 3178 993 3219 non
1017 3159 1128 3221 babens
1151 3163 1216 3239 quis
1239 3171 1268 3221 tu
1286 3162 1363 3241 qrrod
1379 3162 1428 3222 dc·

149 3261 226 3322 deris
248 3261 385 3339 accipiat,
408 3267 438 3320 ct
459 3261 526 3338 qnia
548 3263 576 3320 in
600 3259 691 3320 nralos
713 3259 835 3338 periodo
857 3278 892 3320 ac
915 3261 1008 3320 ltonos
1031 3261 1140 3322 radunt
1161 3281 1227 3342 quaa
1241 3273 1273 3322 tu
1289 3262 1365 3323 bona
1381 3271 1430 3324 aut

150 3362 222 3423 mala
246 3362 371 3441 proiicis.
409 3360 488 3422 illum
512 3380 581 3422 vcro
604 3363 632 3421 in
655 3360 739 3439 culpa
768 3380 832 3422 csso
854 3362 950 3422 loram
980 3361 1078 3430 rideo,
1115 3370 1143 3423 et
1171 3366 1237 3441 qrria
1265 3372 1295 3425 tc
1324 3383 1429 3425 cruram

118 3464 291 3534 mreddidit,
314 3471 343 3524 et
364 3463 446 3524 malis
468 3466 534 3543 qrria
558 3481 621 3523 cssc
644 3462 719 3524 bane
741 3465 857 3542 patitur.
918 3501 923 3509 ·

211 3586 361 3627 ruarmo.
400 3565 473 3636 Ouid
496 3567 519 3625 si
542 3565 635 3643 ipsum
659 3567 744 3625 etiarn
768 3565 862 3626 lovem
886 3565 1037 3626 ostendam
1058 3565 1113 3626 hac
1135 3585 1238 3628 racarc
1266 3566 1366 3644 culpa,
1397 3574 1496 3627 otras.

150 3686 207 3746 quo
229 3669 325 3727 minus
346 3666 559 3745 locupletemini
582 3667 684 3728 deesse
707 3667 787 3727 robis
807 3670 885 3745 ipsos
906 3667 1045 3727 doceam?
1067 3668 1117 3745 qui
1132 3685 1185 3745 per
1205 3668 1343 3728 desidiam
1366 3668 1429 3728 dili·

150 3778 251 3845 gentes
272 3787 376 3847 parram
399 3771 475 3829 circa
498 3787 560 3828 rem
584 3769 741 3847 parandam
765 3788 831 3829 cum
854 3771 928 3838 sitis
952 3769 1140 3829 oscitantibus
1162 3768 1243 3828 robis
1265 3769 1341 3829 bona
1365 3790 1429 3829 ere·

150 3873 212 3931 nire
229 3871 320 3939 voltis,
344 3889 463 3949 magnas
485 3871 600 3930 iotcrim
623 3889 657 3930 ac
680 3870 825 3948 perbonas
848 3872 1015 3932 occasiones
1037 3870 1256 3949 praetercundo:
1285 3879 1430 3930 mauronto

123 3975 233 4038 oronim
257 3974 398 4050 ignarianr
421 3972 593 4050 plermnque
616 3979 644 4031 et
665 3971 828 4032 socordiam
852 3974 880 4032 in
903 3991 1003 4033 caussa
1027 3992 1089 4033 csso
1112 3970 1283 4033 mortalibus
1305 3990 1362 4049 qrro
1391 3990 1428 4032 uc

150 4074 321 4142 urebantur,
345 4092 402 4133 nou
419 4073 492 4135 loris
511 4074 723 4135 inclementiam
747 4082 796 4134 aut
811 4074 947 4135 Fortunae
968 4076 1155 4154 iniquitatem.
1192 4074 1248 4133 but
1263 4072 1342 4134 illum
1358 4083 1495 4133 vorot-²³·

217 4328 238 4362 ¹⁴
256 4330 392 4380 icceccris
412 4333 436 4378 2,
491 4329 511 4360 ¹⁹
530 4329 655 4379 obtinere
674 4333 699 4381 4.
756 4325 778 4360 ²⁴
796 4325 946 4394 Diphilum]
967 4344 1009 4393 ap.
1023 4328 1098 4378 Stob.
1112 4327 1206 4379 l'lnril.
1221 4328 1276 4379 CV.
1289 4328 1328 4380 5.:
1347 4329 1428 4379 nnius

150 4413 205 4464 diei
228 4412 368 4480 [caducae]
393 4414 517 4463 fortunas
536 4415 611 4463 nacti
629 4428 729 4463 siranus.
797 4411 819 4443 ²⁸
835 4414 958 4478 Tlreogn.
972 4429 1061 4477 gnam.
1080 4428 1105 4462 r.
1118 4412 1176 4462 803.
1189 4429 1229 4478 sq.
1255 4413 1426 4478 (apudStob.

148 4499 242 4548 l‘loril.
256 4497 326 4548 Cl'l.
342 4497 393 4561 10.)
420 4497 542 4556 Πολλοῖς
563 4487 726 4563 α’χρήστοισι
745 4490 815 4556 θεὸς
834 4495 914 4547 dodoi
929 4488 1071 4560 ἄνβρᾰοιν
1088 4487 1176 4565 ὄλβον
1192 4489 1323 4548 'Ecdicio
1358 4498 1427 4547 Mul·

148 4585 184 4632 tis
196 4583 340 4633 inutilibus
360 4579 463 4648 [malim
484 4598 537 4632 non
555 4580 731 4648 merentibus]
750 4581 905 4632 bominibus
923 4582 989 4631 deus
1008 4583 1056 4632 dat
1069 4583 1204 4632 fortunam
1216 4582 1325 4632 bonam.
1343 4572 1427 4646 α’χρη-

148 4670 236 4718 accim
255 4670 313 4718 edd.
332 4657 429 4730 ὄλβιον
447 4659 553 4718 ἐσθλόν
570 4669 629 4717 edd.
641 4683 733 4717 omnen.
753 4665 933 4730 (fontinatam
952 4666 1076 4730 bonum.)

210 4754 340 4803 Hvraaru
359 4752 427 4828 0¹.'¹'·
447 4767 510 4803 ror..
523 4752 589 4802 1111.
1189 4752 1208 4811 6
