3382 5370
218 351 291 424 578
655 379 772 414 nrttoor
791 379 1062 415 rsuvoottvrrsrtrcr.

217 557 356 615 personas.
387 539 448 612 qnia
472 556 525 594 non
549 539 610 594 odio
634 538 787 598 Erasmnm.
816 539 861 612 qni
885 547 928 593 est
949 547 1071 593 creatura
1094 537 1152 599 dei,
1181 537 1229 594 sed
1252 537 1316 592 odiu
1340 535 1444 591 literas
1470 533 1521 589 bo·

137 662 140 667 -
218 644 279 687 uas,
302 626 372 680 sicut
395 624 445 697 ipsi
469 641 514 679 eas
537 633 645 683 rimant.
669 642 736 697 rprras
760 622 804 678 illo
827 623 945 697 plantat:
975 633 1002 679 ot
1025 623 1130 678 sedurit
1151 639 1212 678 eum
1235 622 1293 677 suis
1318 619 1520 677 translationi·

220 711 269 765 bus
293 727 385 765 uumes
409 708 459 763 inm
483 709 591 763 iuvenes
614 710 763 764 studentes.

151 801 168 850 ι.
179 802 209 845 ¹⁰.
284 794 528 850 lloebstratns.
566 793 662 866 {tique
694 804 721 850 et
750 793 868 849 licitum:
898 794 936 849 sie
964 794 1035 849 enim
1064 810 1116 866 ego
1145 793 1189 848 odi
1212 792 1338 849 loannem
1365 788 1515 851 llencblin.

219 882 265 953 qui
290 889 376 935 trnnen
399 878 487 934 dietus
510 878 560 934 luit
582 878 761 952 probissimus
784 879 823 932 ιιι
846 880 914 951 aprnl
938 896 1045 939 omues,
1068 887 1095 933 et
1110 878 1251 933 llartinunr
1267 878 1437 937 lutherum.
1464 876 1535 930 tte-s

220 975 291 1020 trrun
315 964 506 1024 liarennutom,
536 972 562 1018 et
586 964 747 1023 lluttonum.
776 973 802 1018 ut
831 962 923 1036 plures
945 963 1026 1023 alins.
1057 963 1120 1036 qnia
1147 963 1244 1036 invidia
1274 960 1429 1017 stimularit
1460 978 1512 1021 me.

221 1067 309 1123 neque
332 1049 408 1122 potui
432 1049 521 1103 ridere
544 1056 573 1103 ιιι
597 1049 663 1104 boue
685 1050 812 1104 docerent
836 1057 862 1102 et
885 1049 1042 1103 seriberent.

152 1151 210 1201 ιιι.
284 1134 469 1192 Ednarrlns.
506 1132 612 1188 Summa
636 1151 814 1198 smmuarmn,
839 1133 889 1189 boc
911 1143 952 1188 ost
975 1141 1064 1188 votnm
1087 1150 1188 1194 meum.
1219 1141 1249 1188 nt
1272 1131 1404 1187 iaciamus
1429 1147 1511 1186 uuam

220 1237 315 1275 nomm
337 1218 560 1275 constitutionem
583 1236 642 1274 oum
672 1217 814 1291 privilegio
837 1218 914 1291 l‘apm
945 1227 971 1272 et
994 1219 1180 1273 Unirersitatis
1203 1216 1375 1277 boloniensis
1403 1225 1434 1270 et
1459 1216 1511 1271 Lo·

218 1305 365 1365 raniensis,
395 1320 428 1358 ne.
451 1302 548 1376 aliquis
572 1302 741 1359 Stmlentinm
766 1305 791 1357 in
815 1303 953 1359 nutricula
987 1303 1062 1358 alnne
1092 1312 1192 1358 nostrae
1215 1301 1406 1357 lbrirersitatis
1437 1318 1508 1374 quo·
1520 1313 1544 1352 ιι

220 1408 274 1463 ipro
298 1389 378 1445 modo
401 1389 522 1447 studeat.
552 1387 591 1443 rel
615 1405 779 1461 prarsnmere
807 1387 903 1443 amleat
934 1387 1039 1460 legere,
1067 1387 1173 1461 publice
1202 1386 1241 1441 rel
1270 1387 1392 1460 private,
1423 1402 1508 1459 opera

220 1474 328 1530 illorum
351 1491 483 1528 novorum
512 1483 666 1546 poetarum,
694 1473 744 1528 snb
773 1491 850 1546 pruna
879 1491 924 1527 sex
952 1490 1101 1528 marearum
1130 1471 1188 1527 auri
1219 1482 1246 1527 et
1273 1470 1447 1546 expulsionis
1475 1470 1509 1525 ab

219 1560 407 1615 l'uirersitato.
451 1566 599 1631 proterea,
637 1575 670 1612 ne.
705 1557 807 1613 librarii
843 1557 882 1612 rel
915 1575 1056 1631 pressores
1083 1558 1175 1618 edunt,
1209 1564 1349 1631 premant,
1378 1555 1508 1617 vendant,

220 1651 376 1718 permutent
397 1642 437 1698 rel
461 1660 572 1716 quoquo
595 1643 675 1698 morlo
698 1643 791 1698 inlrrri
814 1652 909 1698 curent
932 1643 957 1697 in
981 1652 1074 1698 trustra
1097 1641 1224 1714 collegia,
1248 1641 1299 1697 snb
1322 1658 1402 1715 prena
1427 1642 1509 1695 amis·

219 1730 305 1784 sionis
327 1728 481 1800 municipii.
505 1728 527 1782 si
551 1729 605 1783 siut
629 1727 738 1789 irreolm,
762 1727 785 1782 si
809 1745 871 1783 rero
894 1728 1027 1789 extranei.
1051 1728 1204 1782 amissionis
1228 1727 1347 1782 ninnium
1371 1725 1508 1781 librorum
1521 1742 1543 1780 ra

220 1823 247 1870 ot
269 1813 400 1874 carceris,
429 1812 514 1866 donee
543 1830 571 1867 so
599 1812 730 1867 redimant
753 1831 798 1867 sex
821 1813 957 1887 praedictis
986 1814 1082 1868 marris
1105 1813 1180 1867 auri:
1205 1829 1264 1885 qna·
1288 1829 1385 1867 maroa
1410 1811 1509 1867 cedere

219 1898 318 1954 debent
334 1898 360 1952 iu
376 1898 467 1952 liscum
485 1896 619 1953 laerrltatis
635 1896 817 1969 Tbeologioa·.
842 1908 872 1954 ut
888 1897 931 1953 nbi
955 1907 982 1952 et
1005 1898 1110 1971 quando
1134 1914 1202 1970 rtrpus
1226 1897 1308 1952 luerit
1330 1897 1421 1952 lacere
1445 1914 1509 1952 con·

221 1983 389 2039 rurationem
412 1990 506 2037 eontra
529 1982 688 2044 inmensos,
712 1983 832 2055 Magistri
856 1983 941 2038 nostri
965 1983 997 2038 de
1021 1981 1146 2039 laoultato
1170 1980 1284 2038 habeant
1309 1998 1389 2037 unam
1407 1981 1508 2037 bonam

222 2069 328 2123 zerlranr
351 2067 383 2123 do
406 2065 450 2121 illa
474 2067 594 2140 peruuia.

153 2160 211 2208 ιιι.
286 2152 529 2208 lloobstratns.
567 2151 613 2207 Est
636 2152 705 2208 bona
729 2154 836 2225 opinio.
860 2162 887 2207 et
910 2153 949 2208 sic
972 2161 1082 2227 oportet
1103 2151 1265 2209 etianrberi.
1310 2138 1437 2224 Sequens
1454 2165 1541 2206 matr

220 2238 306 2310 pistor
329 2245 423 2292 noster
439 2237 516 2298 lleee.
540 2255 592 2310 ego
615 2238 682 2293 bene
705 2238 781 2292 rideo
805 2238 876 2310 qrrod
901 2237 955 2292 ilbu
970 2238 1074 2310 speeies
1090 2245 1232 2293 artarentur
1248 2238 1274 2292 in
1290 2237 1380 2310 capito
1397 2245 1509 2291 restro:

220 2322 315 2379 rliralis
338 2321 415 2376 uubis
439 2322 501 2394 rprid
525 2340 571 2375 ros
594 2321 756 2396 spemrlastis
778 2332 872 2377 eontra
897 2321 959 2377 illos
982 2332 1086 2395 poetas.

284 2406 413 2461 blosius.
451 2406 519 2472 butu
541 2406 666 2463 deberem
689 2407 796 2463 dieere‘?
819 2425 866 2462 ros
889 2408 975 2463 laritis
991 2408 1061 2463 sient
1076 2408 1210 2481 pharisei,
1234 2408 1279 2480 qni
1297 2416 1433 2462 sanarunt
1448 2423 1510 2461 curn

221 2491 379 2548 Neronianis
401 2491 432 2546 ad
456 2491 612 2547 tentandum
627 2492 762 2547 Christum
785 2493 817 2547 de
840 2510 922 2547 rensn
937 2495 1065 2552 Censoris.
1090 2501 1116 2548 et
1139 2493 1271 2548 miserunt
1294 2508 1378 2547 unnm
1403 2491 1452 2564 (pri
1469 2490 1511 2545 lo·

221 2586 351 2651 niteretur
373 2594 423 2649 pro
446 2576 584 2639 runnibus,
613 2586 641 2632 et
663 2577 715 2632 boo
736 2594 795 2631 oum
819 2577 863 2632 illa
886 2580 1020 2638 versutia,
1050 2586 1080 2633 nt
1109 2578 1131 2631 si
1155 2578 1286 2639 vinceret,
1317 2593 1415 2631 omnes
1439 2577 1544 2631 ride-as

223 2671 319 2717 rentur
341 2661 449 2722 rieisse.
479 2669 506 2716 et
534 2661 557 2715 si
584 2679 637 2716 non
666 2662 795 2723 rineerot.
824 2663 897 2735 ‹prml
921 2663 1021 2717 ideireo
1044 2663 1123 2718 otiam
1148 2663 1197 2737 ipsi
1221 2669 1313 2717 essunt
1336 2661 1512 2717 immunesa

155 2756 173 2805 l·
184 2746 364 2803 ¹³·srandalo:
389 2764 434 2800 ros
458 2746 589 2802 ini-itastis
613 2764 653 2801 nm
670 2754 763 2801 eontra
779 2746 935 2808 lurtlmrmu,
959 2747 1070 2803 irrisistis
1086 2747 1150 2802 milri
1166 2747 1265 2803 multas
1280 2747 1414 2807 missiras,
1439 2745 1513 2820 rpuml

224 2833 287 2905 (pria
309 2850 360 2903 ego
382 2849 442 2886 srrrrr
465 2830 532 2886 boun
555 2831 636 2886 tritus
660 2831 684 2886 ιιι
714 2831 803 2905 porris
830 2830 1006 2903 logirnlibus,
1033 2841 1060 2888 ot
1083 2833 1109 2888 iu
1131 2832 1265 2906 copulatis
1289 2831 1430 2887 'linctoris
1454 2849 1513 2886 ma·

223 2917 371 2990 gistrorum
393 2915 426 2971 de.
449 2915 531 2970 llnrsa
554 2915 657 2976 lioeok,
685 2925 712 2970 et
741 2917 767 2971 in
796 2916 908 2990 reliquis
935 2918 1069 2973 docuinis
1097 2918 1180 2973 saeris
1207 2918 1352 2973 rloctorum
1375 2916 1512 2976 ecelesiae.

223 3000 348 3057 videlieet
370 2999 513 3056 Scotorelli
537 3010 564 3056 et
587 2999 728 3056 Alexandri
750 3000 783 3055 do
806 2999 867 3055 bles
890 3010 917 3055 ot
940 3001 1088 3075 bandulpbi
1117 3011 1183 3062 otc..
1213 3002 1259 3057 sed
1289 3002 1339 3056 iam
1368 3001 1434 3075 quia
1458 3016 1547 3071 egero

224 3086 289 3141 nibil
314 3086 415 3158 proleei
438 3094 465 3140 et
488 3103 529 3141 me
553 3086 758 3159 numerianus,
784 3093 847 3141 tnnc
869 3086 1012 3142 abtralritis
1034 3104 1141 3143 manum
1157 3097 1185 3143 et
1200 3087 1361 3161 permittitis
1376 3103 1421 3142 me
1438 3095 1514 3141 stare

225 3172 251 3226 in
274 3170 396 3226 merdro:
420 3171 484 3243 quid
506 3188 573 3244 orgo
595 3170 719 3226 deberem
744 3171 818 3227 robis
840 3171 999 3228 consulere?

275 3439 296 3471 ²³
311 3439 409 3489 llattb.
417 3439 505 3488 xxll.
516 3437 554 3488 15.
562 3455 620 3504 sqq.
660 3437 681 3471 ²¹³
694 3437 842 3505 Tinetoris]
857 3439 1103 3500 loannis,tlreol.in
1117 3440 1196 3490 ncrrd.
1211 3440 1346 3490 bonnm.
1362 3445 1391 3489 el
1404 3442 1477 3507 prol.
1488 3446 1518 3491 el

227 3541 289 3574 ean.
304 3525 372 3574 ecel.
386 3525 580 3585 'bernacensis
601 3524 647 3588 qni
665 3525 755 3573 medio
775 3525 832 3574 sere,
851 3540 915 3574 stuc.
930 3524 986 3573 XV.
1002 3525 1073 3574 inter
1091 3525 1160 3575 alios
1183 3525 1268 3574 libros
1292 3526 1467 3590 quaestiones
1487 3527 1519 3576 in

227 3611 281 3659 llll
295 3609 362 3657 libb.
377 3609 575 3658 sententiarum
589 3614 616 3658 et
628 3610 815 3658 dissensiones
828 3609 853 3658 d.
867 3610 979 3658 Tlromre
998 3616 1026 3659 et
1038 3611 1114 3660 Senti
1131 3611 1252 3675 se'ripsit.
1271 3611 1314 3660 cf.
1328 3611 1472 3676 Poppens.
1489 3618 1519 3661 et

227 3693 333 3743 lbclrer.
355 3691 407 3742 Sed
421 3699 517 3743 extant
530 3694 612 3743 etiam
626 3694 735 3743 Nicoloi
749 3694 866 3743 nlienius
877 3695 1286 3757 'l'inctoristirrntzenbnsensis,
1299 3695 1326 3744 in
1339 3697 1416 3746 univ.
1425 3697 1521 3747 Paris.

227 3779 349 3841 regentis
363 3794 395 3827 oo
414 3779 582 3839 scotisautis,
603 3779 673 3844 apud
694 3778 756 3827 illos
774 3794 827 3828 nou
846 3780 998 3841 memorati,
1012 3780 1097 3830 Dicto
1115 3797 1197 3846 super
1209 3781 1357 3830 srnumulos
1368 3781 1451 3831 Petri
1466 3783 1519 3833 lli-

227 3864 320 3930 spani,
339 3864 497 3928 opnscnlnm
516 3863 664 3913 secundnm
682 3863 855 3913 subtilissimi
874 3864 994 3915 doctoris
1008 3866 1120 3916 loannis
1133 3867 1207 3915 Seoti
1227 3867 1300 3915 riam
1319 3867 1519 3932 compilatum.

228 3951 311 3998 lloin.
325 3964 352 3996 n.
368 3946 456 3997 lasus.
510 3947 531 3980 ²⁰
549 3948 644 3998 Korok
658 3952 680 3997 1.
689 3954 713 3998 2.
728 3950 787 4014 (pro
800 3949 896 4013 Kuijlrl
910 3951 1006 4001 Rueck
1027 3950 1091 4000 1043
1103 3958 1127 4000 et
1141 3955 1166 4000 3.
1187 3951 1225 4013 (ιιι
1236 3954 1317 4001 solent
1331 3951 1401 4016 Epp.
1418 3952 1449 4001 0.
1468 3954 1521 4018 V.)

228 4033 250 4064 ⁸⁰
263 4028 419 4096 Seotorelli]
432 4033 530 4082 Petrus
548 4033 581 4081 de
595 4034 695 4098 Aquila
708 4049 729 4083 s.
737 4035 896 4099 Aquilouus,
911 4036 967 4084 ord.
980 4035 1076 4085 blinor.
1091 4040 1119 4085 et
1137 4036 1220 4101 episc.
1235 4051 1256 4085 s.
1269 4036 1369 4101 mugeti
1382 4037 1414 4087 in
1428 4055 1524 4105 regno

228 4119 315 4182 Neop.
329 4117 399 4166 vixit
422 4133 485 4167 saec.
500 4119 571 4167 xlv.
593 4119 705 4169 ‘lloetor
727 4120 877 4170 sufficiens
902 4120 1069 4186 impellimus,
1095 4127 1191 4171 auctor
1213 4121 1329 4183 διοιιιιί,
1353 4126 1523 4189 compendii

229 4203 361 4253 doctrinm
380 4201 471 4263 Semi,
495 4203 608 4268 repetiti
626 4204 714 4253 Poris.
730 4203 803 4254 1585.
816 4205 852 4254 8⁰.
877 4206 995 4270 Scripsit
1013 4207 1095 4256 otiam
1114 4222 1196 4271 snper
1213 4208 1376 4272 Magistrum
1400 4215 1523 4261 senten-

229 4290 329 4337 tiarum
347 4287 443 4350 (llain.
456 4303 483 4339 n.
498 4286 571 4340 1324.
584 4287 638 4351 sq.)
652 4294 680 4338 et
691 4289 868 4340 Aristotelem
887 4290 920 4340 do
939 4292 1040 4340 anima.
1061 4292 1103 4340 Cf.
1117 4292 1228 4341 l'abric.
1242 4291 1309 4341 bibl.
1321 4292 1394 4343 merl.
1416 4299 1447 4344 et
1465 4297 1523 4348 int‘.

230 4379 273 4422 set.
287 4373 319 4422 V.
333 4388 358 4436 p.
372 4370 430 4422 713,
482 4371 559 4422 Alex.
573 4371 607 4420 do
625 4370 700 4438 Ales]
714 4376 844 4424 Doctoris
863 4375 1076 4441 irrefragabilis.
1096 4376 1138 4425 Cf.
1152 4376 1206 4427 vol.
1220 4377 1241 4425 l.
1254 4393 1281 4441 p.
1297 4375 1353 4427 178.
1390 4380 1524 4432 Landnl-

228 4456 285 4524 pbil
310 4472 363 4506 non
381 4457 572 4517 Cartbusiaui,
597 4462 676 4522 pnto.
700 4460 748 4509 sed
766 4459 892 4510 Landnlli
912 4460 1080 4522 caraccioli,
1100 4463 1176 4511 b'eoti
1195 4461 1342 4522 auditoris,
1363 4464 1424 4514 ord.
1439 4469 1523 4531 mim,

229 4548 327 4609 posteu
341 4541 461 4607 arelriop.
481 4541 648 4604 Antullitoni,
670 4545 715 4608 qni
729 4544 805 4593 eirea
817 4545 887 4597 merl.
901 4560 965 4599 sme.
979 4547 1049 4596 xlv.
1063 4548 1091 4596 in
1105 4546 1172 4595 libb.
1187 4547 1404 4613 Sententiarum,
1425 4552 1525 4614 Quod-

229 4628 317 4676 libeto
340 4625 523 4688 scholastica,
548 4628 606 4678 olio
630 4630 749 4693 scripsit.
780 4630 822 4678 Cf.
836 4631 947 4681 Fabrie..
961 4631 979 4681 l.
994 4648 1017 4681 o.
1032 4633 1078 4681 lv.
1092 4650 1117 4698 p.
1132 4631 1189 4681 tot.
1204 4646 1244 4695 sq.
1314 4631 1335 4665 ³¹
1360 4634 1525 4691 abtralritis

228 4727 320 4765 omnes.
372 4708 543 4777 permittitis]
562 4732 595 4755 =
613 4714 718 4777 sinitis,
738 4714 902 4780 relinquitis.
956 4716 978 4750 ³²
996 4719 1088 4768 raiardo
1108 4722 1133 4768 3.
