3382 5370
205 347 278 419 338
380 364 467 415 vim.
537 379 660 414 nostros
680 380 790 414 ruruvs.
860 379 997 414 uranoovs
1015 379 1197 415 uvrrsmcis.
1223 364 1305 428 (tato.)

204 536 275 595 siam
304 533 462 593 remeans?
489 532 620 593 Pontifici
649 533 727 613 qnod
755 533 881 594 mundns
912 534 1026 605 tribuit,
1055 535 1135 594 solus
1164 535 1312 596 adimens?
1339 542 1483 613 praeterea

205 635 294 697 multa
315 636 392 697 idem
416 653 532 704 mones
555 654 571 695 a
594 636 740 696 communi
763 654 827 715 quir.
849 636 1027 696 abhorreant
1048 654 1145 697 sensu.

265 758 436 802 nvrnuavs.
475 737 604 798 Primum
631 737 702 798 teris
730 741 835 798 author
862 737 964 814 rrdgus
993 746 1051 807 est,
1085 756 1181 817 neque
1210 739 1328 815 (ligarum
1357 737 1385 797 id
1409 736 1483 796 indi·

204 843 290 910 tium,
319 841 365 900 eui
392 858 409 899 a
435 839 519 899 honis
546 837 748 900 subscribatur
776 842 871 900 statim
900 841 946 899 ita.
992 841 1065 900 scias
1093 848 1122 899 tu
1152 859 1221 901 vero
1243 842 1272 901 in
1296 839 1418 918 gloriam
1441 839 1484 897 ire

204 941 367 1021 plerunque
389 940 550 1007 infamiam,
575 959 776 1022 summamque
799 960 862 1002 esso
885 943 1020 1002 virtutem
1042 944 1071 1001 in
1094 940 1213 1002 sceleris
1236 942 1371 1021 opinione
1391 941 1506 999 virtu-⁵

205 1053 263 1105 tem
286 1044 406 1111 sectari,
436 1060 489 1102 nec
512 1060 597 1120 posse
620 1043 664 1103 rel
686 1044 865 1123 turpitudine
887 1044 1026 1123 imputata
1049 1043 1085 1103 ab
1109 1042 1184 1105 iliius
1205 1045 1300 1104 stmlio
1329 1042 1483 1103 deterreri.

206 1146 315 1207 Deinde
337 1163 394 1205 non
418 1144 474 1205 hoc
496 1144 570 1204 facin
593 1145 669 1223 quod
695 1151 724 1204 tu
747 1146 906 1213 existimas,
936 1145 986 1205 sed
1015 1163 1030 1204 a
1059 1145 1195 1204 sordibus
1223 1154 1251 1206 te
1273 1145 1308 1205 ad
1331 1144 1485 1205 inlustrem

207 1265 260 1325 ego
282 1248 406 1307 nitorem
430 1246 590 1315 uanstero,
614 1267 629 1306 a
653 1246 782 1307 tenebris
804 1249 832 1307 in
855 1246 950 1307 lucem
972 1246 1110 1315 traduco,
1135 1255 1163 1308 et
1185 1245 1309 1307 ieratnm
1332 1245 1432 1306 eluto
1456 1246 1485 1304 in

204 1369 293 1411 atrreo
315 1347 397 1409 seddi
420 1346 540 1409 colloco.

266 1472 413 1514 nostros.
452 1450 516 1520 Quo
538 1449 566 1509 id
588 1451 779 1527 argumento?
1494 1466 1520 1505 ιιι

204 1552 340 1633 {gamul
404 1571 575 1614 nvruenvs.
613 1552 685 1622 Onia
713 1554 863 1614 veritatem
891 1552 979 1614 iubeo
1013 1552 1169 1613 observare
1202 1560 1247 1622 te,
1282 1560 1309 1612 et
1337 1552 1484 1613 Christum

205 1656 303 1733 sequi,
337 1654 459 1732 eiusque
493 1654 608 1733 penitus
641 1652 756 1732 legibus
783 1655 924 1716 intentum
958 1655 1052 1715 divina
1082 1671 1234 1730 capessere
1269 1654 1419 1724 trrandata,
1453 1661 1486 1714 nt

206 1755 375 1836 posthabitis
398 1754 547 1816 honrinum
569 1755 771 1817 traditionibus
794 1764 871 1817 totns
894 1758 922 1816 in
946 1757 979 1816 iis
1001 1758 1169 1834 occuperis,
1193 1774 1288 1833 neque
1310 1754 1400 1816 latum
1416 1756 1484 1816 iude

206 1876 350 1937 unguem,
374 1857 558 1935 quantumvis
578 1859 742 1919 necessaria
766 1877 801 1918 ex
824 1859 946 1920 adverso
968 1856 1072 1918 clarnet
1094 1858 1173 1936 quis,
1203 1865 1231 1917 et
1259 1865 1485 1936 quantocunque

151 1968 323 2026 §.naevocet
345 1978 451 2039 opere,
476 1958 621 2028 discedas;
651 1959 791 2029 breviter,
822 1963 948 2038 ingestae
970 1959 1149 2021 Christianus
1171 1968 1200 2020 ut
1224 1960 1277 2027 sis,
1307 1960 1412 2020 author
1434 1959 1521 2019 tibiis

205 2080 270 2122 surn
291 2069 379 2138 atque
399 2060 462 2121 hmc
484 2062 585 2121 rioeeo.
625 2081 689 2142 equae
711 2064 800 2143 siquis
822 2071 866 2124 est
888 2064 936 2142 qui
960 2080 1052 2140 trugas
1074 2064 1295 2140 interpretatur,
1319 2063 1395 2122 scias
1417 2080 1486 2121 euin

205 2182 264 2225 non
286 2162 395 2223 habere
417 2163 537 2223 instituti
559 2164 701 2225 rationem
723 2165 783 2233 sui,
807 2182 903 2245 neque
924 2164 1014 2225 heare
1036 2173 1079 2234 te,
1109 2182 1175 2224 conr
1199 2162 1254 2223 alio
1277 2164 1405 2232 dirutit,
1434 2163 1487 2224 scd

206 2263 312 2341 {mm
337 2269 344 2339 Ι
366 2266 395 2324 in
417 2283 549 2326 errorem
572 2265 719 2326 abducere
747 2267 838 2342 magis
866 2284 899 2326 ae
926 2267 1060 2347 perdere.
1104 2273 1134 2325 tn
1159 2273 1270 2333 autem,
1300 2265 1369 2325 tanti
1391 2256 1488 2343 nuper

206 2368 307 2433 animi,
331 2366 447 2427 sordida
471 2385 555 2428 rocas
578 2367 654 2436 hacc,
685 2385 742 2427 non
765 2366 812 2428 illa
836 2368 931 2444 podis
952 2371 1081 2428 arrirnum
1104 2369 1177 2428 mire
1199 2367 1390 2436 (teruanensis,
1420 2386 1487 2446 quas

206 2476 368 2548 sequentior
389 2470 435 2529 isti
458 2476 486 2529 et
507 2471 659 2531 numinum
681 2467 746 2530 loco
770 2476 960 2540 venerantur,
983 2471 1131 2530 avaritiam
1154 2476 1182 2530 et
1204 2476 1362 2547 questum,
1385 2469 1521 2531 luxumw

207 2579 236 2631 ct
256 2570 424 2633 libidinem?

153 2693 198 2743 §.a
272 2692 422 2735 nourron.
459 2673 495 2733 At
517 2672 601 2732 etiam
626 2674 774 2734 veritatem
797 2675 950 2752 protitetur
972 2673 1103 2735 Pontifex
1127 2681 1243 2734 etcum
1267 2675 1381 2735 t'tuisto
1410 2675 1486 2735 iacit.

207 2776 259 2836 sed
287 2775 356 2835 huic
378 2773 415 2834 ob
437 2774 482 2843 id,
511 2793 598 2853 quarn
621 2780 650 2835 tu
673 2782 722 2835 atat
750 2773 823 2836 alius
849 2777 990 2855 (potuque,
1023 2778 1145 2853 propius
1172 2782 1375 2844 corrrersatur,
1409 2775 1487 2854 quod

207 2900 274 2936 esim
293 2899 378 2936 siurim.
412 2875 572 2949 {vicarius
593 2894 709 2955 quoque
732 2885 774 2937 est
798 2884 826 2937 et
847 2877 1023 2939 transfusam
1045 2879 1074 2938 in
1103 2896 1134 2937 se
1162 2896 1277 2938 orrnrern
1311 2878 1403 2956 ipsius
1431 2878 1488 2938 rim

208 2979 296 3040 habet
323 2998 358 3040 ae
384 2978 448 3058 pari
476 2978 606 3054 trrrrgitur
633 2986 784 3057 potestate.
829 2979 1022 3039 Christianum
1053 2998 1122 3041 sero
1146 2999 1210 3040 esse
1238 2980 1306 3058 quid
1334 2981 1404 3039 tanti
1433 2989 1520 3044 estet

210 3099 276 3141 curn
298 3079 345 3141 tlte
367 3079 468 3140 beatos
490 3080 576 3139 etiam
598 3081 697 3148 saciat,
727 3087 758 3141 ut
779 3098 880 3141 errare
903 3099 962 3141 raon
984 3082 1096 3159 possint
1118 3084 1167 3160 qui
1193 3081 1343 3141 adhaerent
1369 3083 1410 3149 ei,
1443 3082 1488 3141 cni

210 3183 251 3243 sic
274 3200 340 3242 eum
362 3181 477 3242 Christo
500 3182 648 3249 convenit,
677 3190 709 3241 ut
730 3183 822 3261 possit
843 3182 920 3261 quod
943 3181 1010 3243 velit
1031 3183 1116 3243 etiarn
1139 3191 1280 3251 statuere,
1316 3202 1382 3243 eum
1405 3191 1437 3243 tu
1460 3186 1488 3243 in

210 3283 348 3361 angustiis
368 3284 484 3344 interim
507 3285 630 3345 verseris
653 3290 682 3344 et
704 3283 739 3343 ab
756 3284 911 3361 Evangelio
934 3302 991 3344 uon
1013 3287 1090 3345 ausis
1106 3284 1149 3346 rel
1164 3284 1307 3346 tantillum
1323 3285 1489 3362 respiceret

156 3407 199 3457 §.a
273 3406 442 3449 cursusve.
479 3385 668 3464 Nequaquam
690 3403 794 3464 parurn
818 3395 861 3446 ost
883 3387 988 3447 christi
1018 3387 1155 3447 ricarium
1185 3406 1264 3457 esse,
1298 3387 1349 3447 sed
1378 3388 1488 3449 rneritis

211 3496 347 3549 censetur
369 3487 438 3557 hoc,
467 3506 526 3548 uon
548 3489 689 3567 cuiusque
711 3487 867 3548 ambitione
891 3496 919 3549 et
940 3489 1076 3567 imposito
1104 3490 1229 3550 riorrrine.
1275 3489 1352 3567 quod
1382 3495 1414 3549 ιιι
1437 3489 1520 3549 ira-³⁰

209 3589 381 3651 heredium
405 3589 550 3658 obtineas,
585 3608 659 3668 opius
688 3588 740 3650 tibi
768 3591 824 3650 erit
845 3597 936 3651 totnrn
960 3590 996 3652 de
1016 3591 1131 3668 integro
1161 3590 1288 3652 irrrnrarc
1310 3591 1487 3655 Pontificem.

210 3710 334 3771 eumque
357 3691 443 3752 alium
465 3709 524 3753 non
547 3710 632 3770 quam
656 3690 706 3752 tibi
729 3709 783 3769 ego
805 3691 931 3770 depinxi.
970 3711 1069 3753 versor
1092 3701 1187 3752 autern
1209 3693 1239 3752 in
1262 3695 1401 3771 augustiis
1424 3713 1487 3772 ego.

210 3795 259 3874 qui
282 3794 532 3872 circrnnscriptam
555 3793 766 3871 angustissimis
787 3792 926 3854 limitibus
948 3793 1118 3872 religionem
1141 3794 1228 3863 itanc,
1257 3801 1300 3854 tot
1329 3803 1385 3855 tarn
1409 3803 1487 3856 arete

210 3903 340 3958 coactam
362 3897 473 3956 circum
496 3894 645 3960 claustris.
670 3895 792 3954 vinctam
816 3896 889 3956 mire
910 3897 996 3954 variis
1018 3902 1046 3957 et
1068 3915 1265 3975 compressam
1288 3895 1417 3973 legibus,
1442 3917 1487 3958 ce·

208 3995 307 4073 32⁰3&
336 3991 344 4060 Ι
365 3999 504 4059 reinoniis
526 3997 680 4057 obnoxiam
703 3995 789 4074 longe
811 3997 1113 4076 superstitiosissimis.
1137 4000 1165 4058 in
1188 3998 1350 4059 libertatem
1372 3999 1450 4059 iliani
1471 4007 1522 4059 a³⁵

156 4111 203 4159 ιιι.
215 4098 329 4159 Christo
352 4099 447 4160 datam
469 4100 605 4164 restituo.
635 4106 663 4158 et
684 4097 721 4158 ab
743 4098 858 4159 interno
880 4099 1055 4179 productam
1076 4117 1194 4159 earcere
1216 4099 1272 4160 sibi
1294 4100 1396 4161 reddo.
1434 4102 1490 4162 Sed

210 4197 391 4276 E?;'t.¹g{};{‘q'2,{⁵·¹¹
412 4218 420 4289 p
442 4200 498 4260 hoc
520 4199 636 4259 tarrdenr
659 4200 731 4260 mihi
753 4199 890 4269 edissere,
914 4200 965 4261 nbi
987 4199 1034 4261 illa
1050 4202 1126 4262 inter
1141 4201 1304 4263 Ronraunm
1320 4203 1489 4264 Pontificem

210 4308 236 4359 et
253 4300 398 4363 Christum
420 4303 493 4362 taeta
516 4308 559 4363 est
580 4304 750 4363 consentio?

211 4447 212 4451 ,
272 4423 419 4464 aromrou.
457 4404 499 4463 ibi
528 4405 619 4473 enirn,
648 4404 764 4483 qrrendo
793 4413 822 4464 et
851 4404 958 4482 ligandi
988 4406 1066 4484 quod
1096 4405 1181 4466 vellet
1209 4414 1238 4467 et
1259 4407 1388 4468 solvendi
1413 4408 1490 4488 quod

265 4606 296 4640 ·¹²
308 4608 442 4657 intentam
456 4610 478 4656 t.
515 4622 663 4672 capescere
675 4611 733 4659 edd.
781 4608 1053 4674 ¹¹³interpra=tatnrt¹
1102 4609 1124 4643 ³²
1137 4612 1259 4662 ediscere
1272 4614 1330 4662 edd.
1352 4611 1394 4661 Cf.
1409 4612 1487 4662 Paul.

208 4709 251 4758 ep.
264 4693 298 4743 11.
315 4692 349 4742 ad
362 4692 423 4742 Cor.
436 4693 481 4743 vl.
497 4690 537 4741 15.
589 4691 610 4724 ³⁰
622 4693 720 4743 matth.
733 4693 803 4744 xvi.
819 4693 858 4743 tn.
