3382 5370
516 329 560 403 [ax
578 348 665 386 assa
684 348 778 386 srnvu
797 347 917 385 crassae
935 347 970 383 ne
988 346 1099 384 averem
1119 329 1265 401 ursanus]

319 834 357 885 Ne
375 851 454 884 saraa
471 833 525 884 trec
542 836 631 884 mirere
648 833 698 882 liet
709 836 817 898 popina,
837 835 950 884 addimus
962 850 997 884 cer
1009 834 1106 885 ⁴leuem
1118 831 1198 898 Spleti
1207 833 1289 884 libello
1308 830 1403 896 (ladio.
1417 831 1531 898 bibliopr.

247 935 276 984 p.
289 916 359 984 3l*‚)
375 925 499 985 rperr'rnerr
517 919 573 982 (sol.
592 919 653 982 diij)
671 920 734 969 troc:

317 1043 334 1066 „
348 1041 355 1055 .
370 1040 377 1053 .
390 1041 397 1054 .
410 1021 464 1055 non
483 1010 539 1055 tam
558 1004 613 1054 tilio
631 1019 680 1055 suo
698 1010 778 1070 pater
796 1004 918 1054 aflicitur
936 1021 1016 1071 quam
1034 1005 1105 1055 bono
1123 1005 1241 1071 principi
1253 1006 1340 1055 bonus
1352 1020 1456 1056 servus.
1481 1003 1534 1055 Cui

251 1094 280 1139 et
302 1090 327 1139 si
351 1091 461 1141 fortuna
485 1089 598 1146 laverit.
623 1105 695 1140 nunc
719 1089 910 1151 mutationem,
935 1106 1007 1140 nuuc
1025 1090 1140 1140 insidias
1158 1091 1249 1149 times,
1274 1106 1326 1140 nec
1349 1090 1466 1140 dormies
1483 1105 1531 1140 un·

251 1190 331 1240 quam
355 1191 406 1224 nec
430 1174 561 1241 vigilabis
585 1175 613 1224 in
636 1190 715 1240 pace.
746 1175 796 1225 Est
818 1176 930 1239 insuper
953 1191 1054 1241 magua
1077 1176 1194 1225 virorum
1215 1175 1352 1226 recreatio
1369 1175 1470 1224 urentis
1490 1189 1532 1225 se·

251 1276 353 1311 cessus.
390 1260 456 1311 Cum
473 1276 504 1313 se
522 1259 623 1325 aliquis
640 1260 755 1310 retrahit
773 1261 801 1310 in
818 1258 969 1310 solitarium
993 1261 1081 1311 locum
1105 1276 1138 1311 ac
1159 1261 1203 1311 vel
1226 1261 1374 1311 meditetur
1395 1260 1440 1310 rel
1462 1260 1533 1325 legit

250 1345 293 1398 vel
312 1347 409 1396 scribit
427 1349 566 1413 totumque
585 1360 614 1395 se
627 1346 713 1394 Musis
730 1345 849 1411 praebet.
868 1351 896 1395 et
908 1362 979 1396 nrrnc
991 1346 1147 1408 Platonem,
1167 1362 1238 1397 nuuc
1250 1345 1440 1409 Aristotelem,
1458 1360 1532 1396 nurrc

250 1430 381 1493 Tullium,
410 1446 482 1481 nunc
499 1430 658 1497 Virgilium,
686 1446 758 1482 nune
777 1431 847 1481 alios
865 1431 1004 1492 doctores,
1033 1431 1205 1482 iamdudum
1223 1437 1354 1490 mortuos,
1383 1431 1432 1481 sed
1456 1431 1531 1480 lama

250 1517 389 1577 viventes,
414 1521 442 1566 et
459 1516 570 1581 scriptis
594 1515 748 1581 alloquitur.
786 1516 839 1566 Sed
862 1516 915 1567 hac
937 1516 1078 1582 voluptate
1102 1517 1204 1582 privati
1227 1522 1289 1566 sum
1313 1517 1444 1577 curiales,
1476 1516 1531 1580 qui,

251 1617 312 1652 cum
330 1617 437 1667 semper
455 1601 482 1650 in
501 1601 558 1651 otio
576 1601 644 1663 siut,
668 1617 806 1666 mruquam
825 1607 917 1651 tauron
936 1602 1018 1651 otium
1037 1601 1153 1664 habent,
1176 1618 1284 1667 semper
1307 1601 1334 1650 iu
1357 1600 1532 1651 multitudiue

250 1694 326 1748 sunt,
351 1687 379 1736 in
403 1686 580 1746 clamoribus,
605 1686 633 1735 iu
656 1686 826 1736 tumultibus.
862 1687 891 1735 Si
910 1687 961 1736 tibi
980 1701 1172 1751 nonnunquam
1195 1685 1361 1752 particulam
1384 1686 1531 1752 delegeris,

250 1772 279 1822 iu
298 1787 351 1837 qua
370 1771 412 1822 vel
431 1771 511 1837 legas
530 1771 634 1835 aliquid
652 1771 696 1821 vel
714 1771 832 1832 scribas,
853 1787 913 1821 mox
932 1772 1032 1836 aliquis
1050 1772 1164 1821 instabit
1182 1772 1228 1836 qni
1247 1777 1274 1821 te
1287 1777 1384 1833 vexat3
1404 1771 1468 1820 etsi
1482 1769 1531 1819 alii

251 1857 436 1917 cessaverint,
456 1872 510 1906 non
529 1856 619 1906 aberit
636 1856 823 1921 dispensator,
848 1857 894 1921 qui
917 1872 1001 1920 prope
1020 1861 1047 1906 te
1067 1861 1222 1921 computum
1241 1857 1330 1906 faeiat
1348 1872 1457 1922 aeruque
1476 1873 1531 1906 mo·

249 1947 328 1992 reat:
351 1957 484 2006 nusquam
503 1942 554 1993 tibi
574 1941 690 2008 angulus
708 1943 817 2007 patebit
835 1942 955 2006 quietus,
980 1941 1008 1990 in
1032 1956 1083 2006 quo
1107 1942 1194 2006 possis
1213 1956 1273 1991 cum
1291 1941 1420 2007 Scipione
1440 1942 1531 1992 dicere

251 2028 402 2093 ‘Nunquam
420 2027 508 2076 miuus
526 2026 599 2077 solus
616 2043 674 2076 sum
693 2042 773 2092 quam
798 2044 858 2077 cum
881 2028 930 2076 sim
953 2026 1043 2075 solus'.
1079 2025 1196 2093 Oportet
1218 2032 1246 2076 te
1269 2027 1369 2092 priscis
1391 2025 1448 2076 illis
1470 2041 1531 2075 san-

250 2113 357 2176 ctisque
375 2113 442 2161 viris
461 2127 557 2161 carere
576 2120 658 2176 atque
677 2113 750 2162 iuter
766 2112 889 2162 homiues
908 2113 1001 2162 vivere
1021 2126 1087 2177 quos
1106 2113 1208 2162 rectius
1225 2111 1331 2162 bestias
1344 2112 1417 2161 omui
1430 2111 1532 2162 virtute

250 2202 378 2250 carentes
396 2196 589 2263 appellaveris.
625 2198 693 2247 Sunt
710 2199 756 2262 qni
775 2197 869 2247 dicent
887 2197 956 2247 lilios
975 2212 1038 2248 suos
1056 2197 1160 2247 ideirco
1177 2197 1347 2262 principibus
1359 2197 1482 2257 tradere,
1502 2202 1533 2245 ut

250 2298 338 2333 mores
350 2282 460 2332 discant
473 2282 592 2347 fiantque
603 2282 705 2331 virtute
725 2288 901 2347 praestantes:
921 2282 1018 2332 melius
1036 2283 1174 2344 dicerent,
1195 2283 1229 2331 ad
1248 2282 1456 2347 intelligendam
1474 2297 1530 2330 ma-

249 2367 343 2419 liciam
362 2367 611 2433 turpitudinemque
629 2367 788 2416 discendnm
806 2383 836 2416 se
855 2366 926 2416 lilios
945 2368 1145 2417 transmisisse:
1169 2374 1233 2416 suut
1251 2368 1322 2417 enim
1343 2368 1370 2417 in
1389 2367 1473 2416 curiis
1491 2366 1530 2415 ri·

248 2452 392 2505 tiosissimi
409 2452 546 2512 homines,
566 2466 703 2502 sermones
722 2451 872 2501 inhonesti:
897 2452 944 2502 ille
963 2451 1097 2501 luxuriam
1118 2452 1302 2513 commendat,
1326 2451 1374 2502 ille
1393 2451 1529 2502 voracita-

249 2543 318 2600 tem;
336 2553 415 2587 nemo
434 2538 467 2588 de
486 2539 588 2588 virtute
607 2553 636 2586 se
655 2537 754 2594 iactat,
774 2537 820 2586 scd
835 2543 882 2586 aut
895 2537 1028 2601 virginem
1042 2537 1173 2596 violasse,
1194 2542 1242 2586 erit
1254 2542 1393 2602 stuprasse
1407 2542 1530 2602 nuptam,

250 2628 298 2673 aut
316 2622 441 2672 aenrulum
459 2621 609 2682 occidisse,
634 2630 682 2671 aut
704 2623 802 2687 rapina
820 2637 881 2671 sese
902 2621 1005 2686 aliquid
1023 2627 1132 2671 nactum
1154 2622 1295 2689 gloriatur.
1331 2623 1399 2684 eroe
1422 2622 1530 2671 scelera

249 2709 291 2764 sic
310 2708 501 2758 adolescentes
519 2707 662 2756 imitantur
681 2713 762 2772 atque
782 2706 929 2766 imbibunt,
949 2706 1071 2757 utnulla
1090 2715 1152 2772 post
1169 2712 1292 2774 tempore
1311 2708 1450 2757 amittant.
1478 2723 1530 2757 nec

249 2799 278 2846 te
296 2799 376 2860 putes
395 2793 597 2843 adolescentem
614 2793 756 2857 pudicum,
780 2791 912 2851 solarium,
936 2792 1118 2842 verecundum
1142 2798 1190 2842 aret
1214 2794 1283 2843 bene
1307 2798 1439 2842 nroratum
1459 2793 1530 2857 apud

248 2881 387 2946 principes
406 2879 544 2939 iuvenire,
563 2892 656 2927 ornnes
674 2876 826 2926 huiusmodi
844 2882 907 2926 srrrrt
925 2877 1020 2942 quales
1039 2878 1173 2941 magistri.
1203 2894 1295 2927 verum
1315 2885 1356 2927 est
1375 2879 1447 2927 errim
1460 2879 1530 2943 quod

249 2963 396 3015 Terentius
415 2964 467 3023 eit,
493 2963 529 3012 ad
551 2964 671 3028 peiorem
690 2962 847 3028 plaerurrqrre
866 2967 970 3027 partem
990 2963 1107 3011 animum
1127 2961 1273 3027 applicari,
1296 2964 1319 3012 si
1339 2963 1399 3027 qum
1418 2963 1451 3012 ad
1470 2980 1529 3012 cam

249 3066 306 3099 rem
324 3048 484 3114 magistrum
502 3048 615 3098 sortitus
634 3049 671 3097 sit
688 3047 851 3113 improbum3
878 3048 919 3097 sic
937 3053 1037 3097 natura
1060 3048 1149 3107 iubet,
1177 3047 1300 3097 velocius
1324 3052 1352 3096 et
1376 3048 1458 3096 citius
1481 3063 1530 3097 nos

250 3138 424 3199 currumpunt
448 3131 573 3198 exempla
596 3133 681 3194 mala,
713 3147 773 3181 cum
797 3132 915 3181 animum
944 3133 1051 3195 mugnis
1081 3133 1238 3182 auctoribus
1266 3132 1391 3181 subcunt.
1427 3133 1530 3183 ltefero

249 3220 381 3271 maximas
399 3218 450 3267 deo
469 3224 575 3283 grates,
596 3218 641 3283 qui
659 3218 725 3267 milri
743 3218 797 3266 iam
816 3218 874 3267 viro
893 3218 1024 3282 sequendi
1038 3219 1176 3284 principes
1190 3219 1308 3267 animum
1321 3217 1448 3279 tradidit,
1468 3234 1529 3268 cum

249 3305 305 3355 iam
323 3307 468 3370 parentum
486 3304 602 3354 virtutes
621 3303 727 3366 aliquas
745 3302 786 3351 sic
805 3318 982 3367 acceperam,
1007 3309 1036 3352 ut
1060 3303 1176 3368 amplius
1200 3304 1327 3353 amittere
1345 3319 1398 3353 nou
1418 3304 1528 3368 possim.

250 3389 346 3455 quodsi
365 3388 440 3438 aliud
458 3403 512 3437 non
530 3393 585 3449 est,
606 3387 657 3437 hoc
675 3387 771 3437 saltem
785 3387 887 3449 habeo,
908 3388 972 3452 quia
986 3388 1130 3437 normullaa
1143 3388 1228 3437 didici
1242 3388 1350 3449 literas,
1371 3404 1438 3454 quas
1451 3389 1528 3453 igno-

249 3490 353 3535 rarem,
371 3474 394 3524 si
413 3473 558 3539 pueritiam
578 3489 665 3523 meam
684 3473 759 3523 curia
777 3473 953 3537 srrscepisset.
989 3473 1040 3521 Est
1059 3473 1130 3521 enim
1144 3474 1171 3521 in
1185 3474 1268 3523 curiis
1281 3475 1434 3539 principum
1448 3475 1529 3524 vitio-

248 3575 307 3611 sum
325 3559 422 3608 literas
439 3573 533 3617 nosse,
559 3562 586 3606 et
609 3556 700 3623 probri
718 3557 779 3607 loeo
797 3558 906 3607 ducitur
929 3556 1065 3621 appellari
1086 3557 1213 3607 disertus.
1249 3560 1299 3608 Est
1317 3560 1409 3624 itaque
1428 3576 1529 3626 magna

247 3645 419 3695 literatorum
438 3642 577 3704 molestia,
598 3657 657 3692 cum
676 3658 706 3692 se
725 3643 862 3692 contemni
881 3642 1038 3706 peremnia
1055 3643 1161 3701 vident,
1183 3649 1211 3693 et
1228 3659 1272 3693 res
1291 3645 1423 3694 maximas
1437 3645 1472 3694 ab
1485 3645 1528 3695 bis

248 3730 331 3795 dirigi
350 3730 396 3795 qui
413 3729 459 3778 vix
477 3729 549 3779 iuter
567 3743 662 3778 manus
681 3731 709 3776 et
727 3727 809 3791 pedes
828 3730 893 3791 quot
911 3726 1015 3776 habent
1033 3727 1134 3792 digitos
1152 3735 1260 3778 norunt.
1301 3729 1355 3779 sed
1379 3737 1421 3779 est
1444 3731 1528 3780 ctiam

248 3815 391 3866 illiteratis
408 3829 513 3863 summa
530 3813 665 3874 turbatio,
685 3826 746 3862 cum
757 3812 831 3861 viros
844 3813 871 3862 in
885 3811 988 3862 curiam
1000 3811 1095 3861 doctos
1109 3818 1136 3861 ct
1148 3813 1249 3864 Latine
1262 3814 1405 3879 loquentes
1418 3816 1528 3865 venisse

247 3901 355 3962 rident,
375 3914 441 3965 quos
460 3905 597 3964 nequeunt
615 3895 780 3962 intelligere.
816 3898 888 3958 Quid
905 3903 1041 3962 praeterea
1059 3899 1092 3948 do
1111 3899 1283 3948 conscientia
1300 3906 1349 3949 tua
1361 3900 1528 3965 protulerim,

250 4002 309 4052 qum
327 4001 436 4051 semper
452 3984 575 4049 inquieta
594 3988 637 4033 est
654 3997 813 4047 semperque
832 3989 859 4032 te
878 3984 1021 4034 mordet‘l''
1039 3989 1087 4034 etc.
