3382 5370
417 350 483 400 1111.
553 365 689 400 ronanus.
727 364 864 400 oranoors
884 364 1066 401 nrrrsnrcrs.
1088 349 1171 414 (tots.)

213 539 385 580 nvrrsnvs.
423 519 521 580 Toties
543 519 601 580 dixi
624 521 696 588 iam,
721 537 795 580 uxor
817 527 849 579 nt
869 520 914 580 sit.

214 640 366 683 roarvna.
403 621 484 682 Uxor
506 629 551 681 est
572 621 682 681 boumn
705 622 811 699 igitur?

213 742 384 784 nvrrsnvs.
423 723 561 795 Quaedam
583 723 707 793 malum,
737 740 791 800 ego
814 740 883 783 vero
906 721 1012 783 bonam
1041 730 1123 802 peto,
1154 715 1247 783 ἰστὸν
1269 718 1435 803 ἐποιχομέ-

150 844 231 904 νην,
254 818 310 885 καὶ
333 816 414 902 ἐμὸν
436 821 529 903 λέχος
550 818 745 885 ἀντιόωσαν.

130 943 143 980 a
215 946 366 988 coaevus.
404 918 488 986 oillei
510 917 638 1005 γυναῖκ’
663 918 799 1006 ἀγαθὴν
822 922 990 1005 ἐπιτυχεῖν
1012 917 1053 987 οὐ
1075 919 1203 1009 ῥᾴδιον.

213 1048 385 1089 averanus.
424 1027 483 1089 Nisi
506 1026 622 1087 dllfieile
644 1035 734 1097 esset,
758 1029 836 1089 domi
859 1046 1020 1107 quaererem
1043 1035 1072 1088 et
1093 1027 1129 1088 ad
1152 1035 1180 1088 te
1201 1046 1260 1089 non
1277 1029 1427 1089 venissem.

213 1149 362 1190 romnus.
399 1129 574 1205 Coniugium
597 1147 700 1190 omnes
721 1131 831 1209 petitis,
860 1127 1104 1209 quemadmodum
1127 1137 1322 1200 senectutem,
1351 1131 1501 1191 adse-tn.

151 1232 232 1310 qunti
256 1230 377 1291 moleste
400 1230 494 1299 lectis,
518 1248 693 1310 semperque
716 1231 801 1292 turba
824 1234 994 1292 circumstat
1015 1250 1062 1292 me
1084 1234 1257 1310 petentium,
1281 1240 1312 1292 ut
1327 1250 1435 1292 risores

151 1332 206 1392 sibi
228 1332 374 1401 auferam,
403 1332 589 1410 imperiosam
612 1331 673 1400 alil,
703 1331 748 1393 alii
771 1333 940 1394 iracundam
963 1340 991 1393 et
1020 1351 1181 1403 morosam,
1212 1333 1259 1394 alii
1282 1334 1434 1400 mmohant.

121 1433 325 1513 nequibusdam
348 1441 534 1513 stirnptuosas
555 1435 649 1494 nimis.
695 1441 726 1494 tu
756 1453 838 1504 roro,
867 1437 913 1495 cui
942 1451 1100 1514 permagna
1129 1442 1174 1495 est
1194 1453 1272 1495 nnnc
1294 1443 1433 1515 qrtantum

152 1534 279 1614 intelligo
302 1534 437 1603 libertas,
461 1537 572 1605 nescis,
602 1536 638 1596 ah
661 1537 756 1596 nescis
778 1556 865 1615 (piram
887 1539 951 1597 ritae
974 1537 1229 1597 commutationem
1254 1537 1340 1597 lacias
1363 1556 1434 1597 uxo·

151 1655 214 1698 rem
237 1646 355 1717 petens,
386 1638 441 1698 ltoc
470 1645 514 1698 est
541 1637 647 1697 durum
671 1637 747 1697 ultro
769 1640 916 1700 sencinum
939 1639 990 1700 ubi
1012 1656 1182 1699 accersens:
1211 1657 1246 1698 au
1276 1637 1383 1699 oblitus
1405 1657 1436 1698 es

151 1739 309 1800 Hesiodum
338 1747 453 1819 poetam
482 1738 581 1800 felices
610 1758 715 1801 vocare
737 1742 864 1818 coniugii
887 1748 1038 1821 expertos,
1069 1739 1247 1801 Simonidem
1271 1759 1340 1800 reno
1363 1757 1434 1799 nan

152 1841 276 1919 Iragimn
301 1841 353 1901 cici
375 1842 473 1903 dicere
495 1844 638 1903 uxorem?
669 1848 696 1901 et
724 1842 812 1902 allum
841 1845 996 1922 quemdam
1024 1850 1162 1922 praestare
1184 1843 1290 1903 ellerre
1312 1860 1434 1902 uxorem

118 1960 240 2022 taquam
263 1943 389 2004 ducere?

217 2065 387 2107 nuncnune.
453 2045 517 2105 Nou
540 2063 603 2105 sum
627 2044 748 2114 oblitus,
771 2047 822 2107 sed
844 2054 1009 2108 contemno.
1443 2050 1495 2101 §.so

216 2167 368 2208 ronrvnn.
406 2146 557 2226 Sapientes
580 2148 656 2207 viros
678 2151 849 2208 contemnis

216 2269 386 2310 uvrrsnrs.
424 2249 460 2309 m
482 2249 552 2309 milri
574 2250 720 2328 sapientes
742 2268 800 2309 nou
824 2250 958 2310 videntur
986 2249 1035 2330 qui
1063 2249 1104 2308 sic
1133 2251 1305 2328 opinantur,
1333 2267 1435 2310 corum

153 2351 325 2410 senteutiam
354 2350 479 2430 'accelero
507 2353 556 2431 qui
584 2370 650 2411 curru
681 2364 773 2431 usque
795 2351 868 2411 aden
890 2349 961 2412 nihil
984 2352 1084 2412 intenti
1107 2359 1204 2411 essent
1225 2353 1267 2411 rei
1290 2351 1435 2430 parandae,

118 2460 186 2512 aaut
208 2471 262 2512 trec
285 2452 403 2512 domum
427 2451 569 2512 haberent
591 2453 757 2531 propriam,
786 2453 847 2514 siue
871 2451 1011 2513 uxoribus
1033 2461 1129 2513 tamen
1153 2453 1247 2513 virere
1270 2452 1435 2520 noluerunt.

154 2562 183 2614 et
210 2555 260 2634 qui
289 2555 450 2614 existimant
479 2552 602 2632 probam
631 2555 784 2632 coniugem
815 2555 919 2615 domus
947 2572 1010 2615 esse
1037 2555 1160 2623 sociam,
1190 2561 1219 2614 et
1240 2571 1376 2630 magnum
1400 2554 1435 2613 ad

155 2657 207 2717 rici
236 2655 400 2716 felicitatem
429 2663 618 2716 momentum.
664 2655 807 2716 l’raeterea
837 2657 872 2717 ad
901 2655 971 2716 iHud
999 2656 1090 2717 otium
1118 2655 1196 2734 qnod
1225 2674 1313 2735 paro,
1344 2675 1436 2716 uxore

154 2776 228 2836 opus
257 2765 300 2818 est
329 2776 393 2836 qnae
421 2757 540 2817 clorrunn
569 2756 653 2817 nobis
683 2765 781 2827 curet,
811 2776 913 2837 taragna
943 2776 989 2818 me
1012 2757 1051 2817 ibi
1073 2756 1172 2817 lerans
1194 2756 1340 2824 molesta,
1371 2776 1436 2836 quaa

154 2861 232 2919 circa
255 2860 359 2918 rictum
383 2866 431 2919 aut
454 2858 615 2937 parandum
638 2867 688 2919 aut
709 2859 940 2920 conservandum
963 2858 1069 2920 auxilio
1091 2860 1150 2927 -sit,
1181 2877 1216 2918 ex
1245 2877 1300 2937 qua
1329 2858 1436 2921 liberos

119 2960 261 3037 estollere
282 2959 381 3028 liceat,
404 2979 468 3038 qliae
490 2960 631 3039 siquando
654 2968 792 3037 aegrotem
816 2962 924 3029 lovem,
952 2961 1023 3031 alat,
1052 2969 1165 3039 pascat,
1193 2968 1291 3030 curet,
1321 2979 1385 3038 quae
1408 2961 1436 3018 in

155 3062 237 3122 malis
258 3061 345 3122 simnl
367 3059 477 3130 doleat,
500 3063 528 3121 iu
552 3062 636 3122 bortis
657 3061 890 3140 congratuletur,
913 3064 943 3122 iu
965 3065 1048 3123 cuim
1072 3062 1157 3122 veluti
1179 3063 1273 3122 sinum
1296 3060 1381 3121 liceat
1395 3060 1437 3120 el·

156 3165 280 3225 lundere
303 3163 440 3243 quicquid
464 3164 501 3222 ita
524 3165 610 3224 afficit
633 3165 778 3233 culmum,
802 3171 833 3224 ut
862 3165 1005 3225 contineri
1028 3182 1086 3224 non
1110 3165 1263 3233 sustineat,
1293 3163 1343 3224 sed
1367 3181 1436 3222 con·

155 3268 246 3326 sctum
269 3272 388 3343 quaerat.

217 3387 370 3427 conatus.
408 3365 469 3436 Oua
493 3367 527 3427 ad
550 3365 620 3426 illud
644 3385 718 3445 opm
740 3373 783 3426 est
797 3369 902 3437 otium,
925 3384 990 3447 quae
1004 3365 1136 3428 molestia
1150 3367 1239 3435 leret,
1262 3387 1327 3447 qum
1342 3376 1503 3443 aegro-§.st

121 3476 265 3528 astantem
293 3475 391 3536 curet,
421 3469 449 3527 iu
477 3470 560 3529 cuins
588 3469 683 3529 sinum
711 3468 795 3529 liceat
822 3468 986 3538 effundere,
1019 3468 1129 3529 scilicet
1160 3477 1209 3528 nm
1236 3486 1337 3528 omnes
1369 3476 1437 3528 snm

158 3639 359 3646 m-

223 3755 233 3786 ³
258 3755 367 3805 Homer.
387 3755 467 3806 Iliml.
487 3758 507 3806 I.
527 3755 568 3807 31.
603 3773 683 3822 „quae
707 3758 790 3808 telam
818 3763 961 3824 percurrat
983 3771 1125 3820 meumque
1153 3754 1254 3804 lectum
1278 3755 1435 3820 participet.

157 3842 263 3904 (Graeca
280 3844 305 3890 iu
323 3842 381 3891 edd.
400 3857 535 3905 perperam
553 3845 775 3909 capremontem.)
839 3833 1034 3906 1Ἀ11ἂιιτ1.]
1055 3840 1108 3889 Sed
1126 3840 1224 3889 bonam
1243 3855 1352 3888 uxorem
1370 3855 1437 3888 nnn-

158 3927 227 3976 cisci
245 3925 318 3976 hand
337 3925 420 3974 facilc
441 3936 490 3974 est.
527 3926 632 3992 Diphili
650 3929 790 3977 sententio
804 3944 846 3992 ap.
860 3927 936 3976 Stob.
950 3925 1043 3976 Floril.
1057 3924 1182 3975 LXVIII.
1195 3923 1237 3973 ¹21.
1256 3923 1315 3973 hoec
1329 3929 1371 3972 est
1384 3923 1436 3972 Γυ-

157 4001 257 4068 ναιιιός
273 3999 390 4075 ripaticis
409 4000 552 4075 ἐπιτυχεῖν
570 4001 605 4060 οὐ
622 4003 732 4079 ρ’ᾀδιον.
786 4011 806 4044 ¹³
823 4011 935 4062 Hesiod.
949 4018 974 4060 et
986 4007 1127 4074 Simonidl
1148 4010 1201 4070 Qui
1218 4007 1435 4070 similtudinem,

158 4095 317 4144 multisunt
336 4100 363 4144 et
381 4095 776 4160 ap.St0b.Floril.LXVlll.,
801 4096 848 4146 sed
867 4110 933 4159 quos
958 4111 990 4144 ex
1008 4094 1129 4144 Hesiodo
1147 4093 1338 4159 Simonideque
1362 4092 1437 4143 locos

157 4181 254 4231 leatdnt
271 4181 319 4240 H.‚
340 4195 427 4243 neque
447 4180 474 4228 in
494 4181 561 4244 ipsis
580 4181 671 4230 horum
690 4186 832 4245 poetarum
850 4180 974 4244 reliquiis
992 4180 1109 4244 repperi.
1180 4175 1354 4242 Simonidem]
1374 4193 1437 4226 num

158 4266 194 4315 ad
211 4264 359 4315 Simonidis
383 4265 552 4329 epigramma
574 4265 645 4329 quod
667 4269 709 4313 est
727 4265 836 4314 Antlrol.
855 4263 914 4314 Pol.
929 4264 960 4313 V.
978 4262 1033 4313 llll.
1053 4264 1158 4326 (Poetae
1181 4262 1260 4325 lyrici
1279 4262 1368 4312 Groeci
1394 4262 1436 4312 ed.

156 4350 260 4415 Bergk.
273 4366 299 4415 p.
313 4347 382 4411 7117.)
416 4350 568 4399 Huttenum
590 4350 616 4404 Ιι,
636 4349 653 4399 l.
673 4350 790 4410 reterre,
815 4365 875 4399 cum
893 4354 1015 4398 veterum
1039 4355 1180 4413 poetarum
1204 4348 1231 4396 in
1254 4347 1305 4396 ltoc
1328 4347 1439 4411 dialogo

159 4435 276 4485 adhibiti
294 4433 348 4484 loci
366 4435 423 4483 lere
442 4449 535 4484 omnes
554 4450 586 4483 ex
599 4433 708 4482 Stobaeo
726 4434 878 4499 deprompti
896 4434 962 4491 sint,
983 4436 1027 4483 rix
1047 4433 1216 4482 crediderim.
1244 4430 1328 4480 habet
1347 4439 1437 4480 nutem

156 4520 210 4570 hoc
223 4521 391 4585 epigramma
409 4555 461 4580 .....
476 4509 515 4568 ἕν’
528 4509 640 4584 ἑκάστη,
657 4516 661 4584 Ι
676 4509 808 4584 γυμνούς,
828 4516 959 4584 νανηγαὶν
971 4505 1092 4582 ἥσσονας
1104 4508 1263 4582 ἐξέβαλον·
1311 4512 1330 4546 ¹⁴
1343 4513 1437 4580 olium]

157 4605 364 4654 Chaeremonem
388 4621 432 4670 up.
451 4604 526 4653 Stob.
545 4604 639 4653 l'loril.
663 4603 786 4653 vallt.
806 4603 847 4652 ¹22.
870 4601 1000 4653 Γυναῖκα
1024 4596 1148 4653 θάπτειν
1172 4591 1299 4663 κρεῖττόν
1321 4590 1396 4650 ἔστιν
1419 4590 1440 4667 ἢ

157 4690 271 4757 γαμεῖν.
