3382 5370
230 347 303 418 496
665 380 782 416 vinnom
802 381 1073 416 rosvnouvrrttn'tcr.

227 537 315 611 ipsum
339 555 434 612 nepus.
469 537 564 612 lacque
587 556 680 612 (pomo
703 547 823 595 actutum
846 538 966 596 cubitum
995 539 1187 602 concedamus,
1223 549 1253 596 ιιι
1279 559 1339 596 eras
1367 543 1451 598 citius
1480 559 1513 598 co

229 639 359 695 queamus
382 631 468 678 strato
490 640 611 695 surgere.

160 724 218 773 eor.
292 707 385 764 Puer.
423 708 462 764 Τιι
484 726 544 765 cum
566 709 682 782 primum
705 709 846 765 crastinam
869 711 1034 765 exorientem
1058 708 1143 766 lucem
1159 709 1312 767 cubiculum
1330 711 1433 784 ingredi
1451 729 1514 768 scn-

228 792 312 854 sccis.
336 811 377 849 rne
401 791 556 856 inclamato;
579 803 686 866 gravate
709 795 779 851 euim
803 812 879 850 ιιιιιιι
902 812 1015 865 surgere
1038 793 1122 851 solco.

290 876 415 934 llenno.
451 878 508 934 b'ou
534 878 585 934 luit
608 881 743 935 nnmitore
766 897 849 954 opus,
873 879 931 954 ipse
953 879 1054 954 alioqui
1079 880 1201 936 iecissem
1224 881 1263 941 id.
1294 889 1324 937 ιιι
1347 882 1392 955 qui
1416 889 1533 938 contuso

225 962 274 1018 suu
298 963 365 1019 lrouc
387 981 429 1018 me
452 972 557 1019 noctem
580 963 812 1038 pervigilaturum.
856 965 895 1020 l'u
924 982 1005 1038 crgo,
1035 984 1051 1021 o
1082 965 1181 1039 hospes
1210 965 1423 1041 Polypragmom
1455 966 1513 1022 saie

227 1046 382 1104 iortrrnatus
406 1048 597 1105 incrastinum
621 1067 706 1123 usque
729 1049 824 1105 lucem.

288 1132 551 1208 Pctlypragmon.
589 1133 651 1191 Vale
679 1143 706 1190 et
733 1142 777 1195 tu.
808 1151 823 1189 o
853 1133 954 1190 licuuo.
1000 1134 1097 1190 Verum
1128 1135 1208 1196 bens.
1239 1137 1397 1211 priusquam
1420 1137 1512 1198 alteas.

227 1225 320 1291 potino
344 1218 406 1273 iube
428 1218 517 1274 atlcrri
543 1218 599 1280 tibi,
623 1228 653 1275 ιιι
668 1219 753 1275 ΙιίΙιιι.

291 1304 413 1359 ileuuo.
450 1304 508 1360 Nou
530 1303 610 1366 libet.
634 1305 711 1361 abeo.
1521 1322 1544 1360 to

470 1389 554 1453 licus,
577 1390 681 1452 Bruno,
705 1390 830 1451 lucescit.
858 1389 962 1462 evigila.

158 1478 218 1529 itt·
290 1474 383 1529 Puer.
421 1474 485 1530 llum
507 1474 615 1537 licuuo.
640 1476 689 1531 iam
714 1492 811 1548 surgo,
835 1476 923 1530 sunus
946 1476 1070 1549 proiecto
1086 1476 1245 1533 socordibus
1261 1493 1371 1532 somnus
1392 1493 1436 1532 res
1458 1485 1509 1532 cst.

225 1558 290 1632 quin
314 1559 416 1615 ornasti
441 1569 466 1614 te
489 1560 711 1634 quemadmodum
735 1560 792 1615 beri
818 1559 864 1615 tibi
889 1562 1091 1635 praeceperam?

290 1643 412 1699 lleuuo.
449 1644 544 1708 Plane,
578 1662 667 1702 nonne
689 1645 780 1701 rides?
815 1645 921 1701 intuere
944 1654 971 1701 et
995 1647 1111 1702 tunicam
1140 1646 1239 1719 ipsam,
1273 1656 1299 1702 ιι
1328 1646 1448 1707 calceos.
1481 1655 1508 1702 ιι

226 1728 332 1789 facicm.
357 1738 384 1784 et
405 1728 531 1804 capillos,
558 1738 585 1785 et
608 1748 709 1786 uranus.
1518 1745 1542 1785 rs

287 1813 378 1869 Puer.
416 1813 543 1879 Pulcluc,
576 1814 683 1878 llcnno,
718 1817 769 1872 iam
798 1815 856 1872 ride
884 1833 917 1872 uc
945 1825 971 1872 te
999 1817 1196 1889 conspicientes
1226 1815 1385 1872 matrouulae
1409 1817 1507 1872 misere

224 1907 328 1954 ament:
351 1898 533 1973 periculosum
555 1901 626 1957 eninr
649 1909 690 1957 est
714 1901 739 1955 iu
763 1900 812 1956 hae
836 1901 902 1957 urbe
924 1919 955 1957 ac
976 1903 1103 1956 unisonum
1127 1901 1275 1956 lctrruosum
1299 1918 1359 1956 esse
1382 1902 1471 1957 rrirrris.

288 1983 412 2040 lienuo.
449 1985 540 2041 Garris
563 2003 685 2050 rursum,
708 1995 735 2042 et
756 2003 852 2043 cauum
876 1994 903 2041 ιι
926 2003 1015 2042 senem
1039 1995 1168 2042 nnatronun
1189 1990 1326 2042 anniaccntl
1351 1987 1426 2042 istaec
1442 1988 1506 2042 nidd

224 2067 287 2124 olim
311 2070 419 2126 fortuna
443 2070 509 2126 init:
533 2071 597 2144 quin
622 2071 699 2127 imus.

155 2159 215 2209 §.tu
288 2154 383 2210 Puer.
423 2154 500 2211 Nulla
523 2155 549 2210 in
572 2174 614 2212 rue
637 2174 711 2212 mora
733 2165 783 2212 cst.
1515 2168 1541 2207 ιι

288 2240 413 2297 llenno.
451 2239 534 2308 Quam
557 2241 623 2297 niam
648 2241 830 2315 ingredimur?

286 2326 378 2381 Puer.
415 2325 553 2381 Novistine
575 2326 672 2388 adem,
696 2327 722 2382 in
746 2345 797 2401 qua
820 2335 938 2383 armatus
962 2325 1006 2381 illc
1029 2335 1137 2382 sanctus
1160 2344 1231 2400 equo
1255 2327 1362 2383 rebitur
1381 2325 1508 2400 lapidoo?

291 2411 415 2472 llenuo.
453 2410 532 2471 Nori.
556 2420 626 2468 recta
650 2429 717 2485 crgo
741 2413 824 2475 irnus,
852 2412 948 2467 deinde
971 2428 1020 2485 por
1041 2412 1214 2486 angiportum
1238 2411 1300 2466 laem
1324 2411 1506 2468 cleclimnnus:

223 2496 258 2553 ibi
281 2497 386 2552 niernum
410 2514 495 2570 prope
518 2496 647 2571 templum
670 2497 785 2571 insignis
814 2498 928 2554 roturrda
958 2497 1041 2552 turris
1070 2497 1250 2570 conspicitur.
1280 2498 1421 2553 uetustatis
1449 2515 1506 2553 into·

222 2592 378 2638 numentum
401 2581 543 2637 admodum
566 2584 714 2656 egregium.
904 2622 906 2628 ι
1513 2592 1540 2632 ²5·

285 2668 379 2723 Puer.
418 2665 454 2723 lbi
479 2667 505 2722 iu
527 2684 557 2723 ca
580 2669 637 2741 ipsa
665 2668 745 2723 donno
774 2668 879 2740 loqutus
906 2667 1054 2741 hospitium
1084 2666 1175 2728 Ιιιιιιιι,
1210 2666 1287 2722 celim
1317 2674 1404 2723 tamen
1432 2676 1506 2722 esset

222 2751 300 2808 alibi:
325 2753 349 2808 in
374 2752 497 2807 iuvulioru
520 2752 590 2808 cuim
613 2760 640 2806 ιι
662 2753 770 2809 donnum
793 2762 819 2809 ct
841 2752 978 2809 doudumn
1002 2761 1086 2813 coeat.

286 2837 407 2893 llenno.
445 2837 496 2892 lam
520 2837 781 2912 appropinquantem,
810 2856 844 2894 eu
872 2839 932 2893 nori
961 2838 1056 2894 turrim
1080 2837 1173 2893 adime.
1218 2836 1269 2891 Sed
1291 2853 1386 2892 vereor
1408 2853 1441 2893 ue
1465 2837 1505 2893 ni·

152 2928 211 2979 §.m
222 2923 305 2979 mium
329 2940 404 2978 triaue
426 2922 475 2984 sit.
499 2931 592 2996 quarm
616 2923 702 2979 adliuc
725 2924 812 2979 andita
836 2924 901 2978 bora
925 2940 978 2979 nou
1002 2932 1051 2979 cst.
1096 2921 1256 2996 Olupitcr,
1280 2939 1341 2995 quie
1363 2931 1427 2978 sunt
1445 2923 1505 2979 istae

220 3007 347 3083 palliatae,
363 3025 424 3082 anc
440 3025 472 3062 ou
487 3008 579 3081 Legati
597 3007 743 3082 prosiliunt
760 3009 897 3083 lriispitio?
913 3009 995 3065 credo
1011 3008 1135 3082 prolecto
1151 3007 1331 3081 superiorum
1349 3008 1419 3062 inter
1435 3008 1502 3063 treis
1513 3019 1540 3057 so

220 3093 279 3150 illas
300 3096 364 3150 cleas
386 3110 478 3149 novam
501 3101 622 3148 exortam
644 3092 718 3149 litem
742 3112 815 3156 csso.
846 3103 872 3150 et
895 3095 956 3167 quia
980 3093 1112 3167 Phrygius
1137 3091 1182 3147 ille
1204 3099 1298 3166 pastor
1324 3107 1378 3147 nain
1407 3110 1505 3166 super·

219 3178 412 3254 estamplius.
435 3177 506 3234 boue
528 3177 707 3253 apostolicum
730 3179 844 3235 inullcem
867 3189 949 3235 noctu
972 3179 1103 3252 quaesisse
1126 3178 1152 3233 iu
1177 3177 1334 3232 insomniis:
1358 3176 1422 3233 ielis
1439 3195 1504 3251 pro-

220 3263 291 3320 iecto
315 3264 491 3325 insomnium.
514 3264 648 3338 siquidem
670 3263 768 3339 puellae
791 3264 832 3320 lrae
856 3263 988 3334 neodem
1012 3272 1112 3319 esseut.

282 3350 378 3405 Puer.
415 3348 480 3405 ileos
502 3348 551 3405 bas
573 3366 633 3405 esse
656 3366 719 3405 vero
741 3350 842 3411 credis.
866 3349 978 3405 llenuoi
1005 3349 1039 3404 ab
1062 3347 1146 3403 ialsns
1169 3364 1214 3409 es,
1241 3347 1298 3402 doae
1322 3346 1391 3420 apud
1414 3348 1504 3420 genti·

217 3431 257 3490 les
281 3434 391 3491 luerunt
414 3433 562 3508 quondam,
586 3451 635 3490 nos
658 3452 712 3490 uon
735 3453 795 3492 esse
816 3434 944 3495 dicimus.
972 3434 997 3490 id
1021 3433 1102 3489 balcet
1125 3431 1220 3504 religio
1243 3448 1312 3487 scra.
1513 3443 1539 3482 aa

281 3519 407 3575 lienus).
444 3519 604 3582 Credebam;
628 3537 688 3594 quae
710 3530 773 3577 sunt
796 3520 897 3594 igitur?

280 3606 376 3662 Puer.
413 3603 481 3661 Clini
503 3604 659 3679 palaestritis
688 3615 750 3662 sum
779 3605 876 3680 puellm
907 3603 1090 3680 pauperculae.
1122 3620 1180 3677 quoa
1209 3602 1244 3657 ob
1266 3600 1504 3657 noeturnamdili·

217 3699 380 3766 gentemque
409 3699 528 3746 navatam
557 3708 665 3763 operam
701 3691 897 3765 eleemosynam
925 3708 956 3746 ex
984 3690 1111 3745 tbesauro
1144 3686 1295 3762 apostolico
1329 3695 1502 3760 acceperunt.

217 3775 316 3832 Putant
338 3777 407 3831 euim
431 3775 469 3830 illi
494 3776 518 3830 iu
543 3775 645 3831 nullum
668 3777 740 3851 pium
764 3776 850 3849 magis
873 3793 902 3832 ac
925 3775 1043 3831 sanctius
1065 3773 1113 3829 bas
1136 3773 1306 3829 Germanicas
1335 3770 1503 3827 barlmricos·

149 3863 271 3935 l·¹¹·quc
294 3879 361 3936 opes
382 3861 502 3916 conserti
526 3877 594 3934 opus
616 3879 710 3935 posse,
740 3879 819 3936 (quam
843 3861 868 3916 in
892 3861 939 3915 has
960 3877 1022 3915 vere
1048 3857 1152 3933 puellas
1181 3855 1366 3931 pauperculas.
1409 3857 1500 3930 Atque
1511 3867 1537 3907 to

217 3951 283 4006 adeo
306 3948 438 4006 atrilistine
460 3947 511 4002 lum
534 3945 663 4020 arrrplius,
687 3966 703 4002 o
726 3947 834 4013 benun,
859 3963 951 4001 omnes
974 3943 1034 3999 illas
1056 3943 1197 4017 pecunias,
1222 3959 1288 4015 quam
1312 3942 1381 3996 iutra
1397 3940 1500 3996 multos

215 4052 300 4091 annos
323 4036 349 4090 iu
373 4031 554 4104 indulgentias
578 4049 627 4087 nos
649 4031 813 4088 contulimus
834 4030 957 4087 certatim
981 4047 1073 4085 omues
1096 4027 1207 4084 mannua
1231 4027 1268 4086 ri.
1291 4025 1341 4081 sub
1363 4033 1500 4099 praetentu

216 4120 256 4175 rel
280 4119 383 4176 Tureiei
407 4116 486 4178 belli.
509 4116 549 4172 vel
572 4118 824 4191 congregandorum
847 4114 1039 4177 conciliorum,
1068 4112 1107 4170 rel
1137 4110 1300 4186 templorum
1328 4109 1499 4166 erudibam·

282 4302 289 4335 ¹
310 4304 386 4353 ocius
406 4305 431 4353 3.
502 4301 553 4341 Μ·
573 4301 644 4350 eiuen
663 4300 836 4363 Scldostrnnlc.
907 4298 927 4331 ¹¹
947 4299 1027 4348 Nocte
1048 4303 1157 4362 peracto
1178 4297 1310 4361 sequentia
1330 4300 1500 4358 perqqnntur.

215 4388 236 4420 ¹⁶
250 4388 291 4438 Cf.
299 4388 390 4439 Ploul.
398 4386 514 4438 Glorioso.
522 4387 543 4436 1.
554 4386 612 4445 los.
635 4387 753 4435 Nimiast
766 4384 876 4434 miserie
890 4384 970 4433 trimis
982 4383 1124 4448 pulchrum
1139 4397 1198 4430 esso
1211 4379 1356 4429 bominem.
1396 4375 1418 4410 ⁸¹
1436 4393 1501 4428 snu-

215 4471 283 4539 ctns]
303 4473 456 4523 Martinus?
506 4469 528 4502 ²³
546 4470 610 4520 leun
629 4474 680 4520 1.2.
744 4469 766 4501 ³⁰
784 4469 894 4518 Paridis
913 4469 1052 4517 indicium.
1111 4466 1132 4497 ³⁷
1151 4461 1308 4529 Obstipui}
1327 4461 1500 4527 ule'cqcxoc·

214 4560 383 4622 λαιστρίται.
401 4557 530 4607 libidines
550 4557 627 4622 quoru
646 4554 784 4620 publicum
803 4561 942 4603 <certamen
956 4551 1116 4614 exercentis
1129 4557 1228 4599 scorto.
1248 4549 1283 4598 ef.
1296 4551 1439 4613 clinopalen
1453 4565 1501 4614 ap.

213 4643 458 4693 Suet.D0uril.2'2.
489 4638 814 4699 duntonetrossdrs.
868 4638 1049 4703 palestritmd.
1101 4633 1123 4666 ⁴²
1141 4632 1451 4700 l‘tpcsindulgculiarioe
1471 4633 1502 4683 in

213 4744 293 4795 quem
310 4744 386 4779 insum
406 4744 517 4779 versae·
