3382 5370
410 373 457 423 XI.
527 388 684 423 sennense.
755 389 891 424 ninnonvs
912 389 1094 427 nrrrnsrcvs.
1118 377 1200 445 (tero.)
1365 358 1436 430 385

167 543 262 612 alteri,
287 542 391 603 borum
414 542 533 603 consilio
555 544 698 603 animatur
720 544 754 604 ad
778 544 897 605 facinus.
935 548 989 624 ipsi
1010 547 1074 608 lites
1095 550 1176 626 sequi
1191 546 1313 608 suadent
1328 550 1356 605 et
1371 552 1437 601 ‘nou

167 645 344 706 desisteres
367 644 517 705 calumnia'
540 645 584 705 ius
606 647 741 724 persequi
764 654 881 716 cocant,
904 666 1013 728 speque
1036 651 1132 719 indita,
1157 650 1218 710 iore
1241 658 1272 710 ut
1293 646 1440 726 pervincat

168 749 213 807 eui
236 748 367 815 veniunt,
390 747 512 806 miseros
534 745 641 807 lactant
662 747 795 817 clientes:
819 767 892 827 quos
914 751 1054 829 siquando
1069 769 1171 829 parum
1188 753 1247 811 aui·
1270 745 1438 824 122212323„,

167 854 261 909 matos
284 848 395 917 rident,
423 849 575 925 magnifice
600 849 695 908 statim
722 850 908 921 confirmant,
938 871 969 913 se
998 855 1073 913 enim
1103 870 1189 930 posse
1217 851 1294 930 quod
1325 867 1439 929 aequum

143 958 224 1017 sest,
247 951 377 1028 iniquum
400 958 431 1011 nt
453 950 501 1010 bat
523 951 654 1022 efficere,
684 959 785 1013 eontra
806 955 981 1032 nequissima
1004 956 1099 1014 omnia
1121 962 1153 1015 ut
1174 971 1294 1014 summos
1323 953 1440 1031 equita-

167 1053 204 1112 tis
224 1054 351 1130 speciem
373 1052 507 1121 induant,
542 1055 570 1113 in
598 1071 630 1113 se
658 1072 773 1133 quoque
799 1056 885 1115 situm
914 1074 977 1116 esse
1006 1063 1240 1124 eornmouentes;
1273 1062 1358 1134 atque
1380 1055 1442 1114 brec

168 1157 263 1215 omnia
286 1155 407 1224 faciunt,
431 1173 488 1234 quo
511 1173 620 1216 caussae
642 1157 839 1232 producantur
861 1157 931 1228 sibi,
954 1177 1018 1236 quae
1038 1159 1092 1218 uisi
1108 1167 1248 1236 perpetuo
1301 1155 1443 1243 gimpa}

168 1263 278 1326 essent,
301 1257 354 1334 ipsi
377 1274 436 1316 non
457 1256 599 1318 haberent
620 1258 696 1336 quod
719 1259 847 1319 ederem.

229 1379 400 1420 uvrrsnvs.
438 1357 557 1428 Qualem
569 1358 804 1420 i'rauebuiurdiae
826 1361 881 1420 vidi
903 1361 1049 1438 quendam
1071 1360 1197 1422 vetulum
1219 1360 1359 1431 rabulam,
1383 1360 1431 1438 qui
1444 1363 1509 1413 t·¹⁰¹·

137 1475 236 1521 rreum
266 1460 430 1521 adversario
457 1468 556 1520 contra
585 1462 710 1521 ornicum
738 1480 834 1522 meum
863 1464 1110 1539 patrocinaretur,
1145 1471 1173 1522 et
1202 1461 1339 1531 rarissael
1369 1479 1441 1516 seo.

168 1579 254 1640 quam
278 1562 452 1622 defendebat
473 1563 631 1630 diffideret,
660 1563 733 1623 ‘Nun
756 1563 900 1641 promitto’
929 1565 1035 1643 inquit,
1066 1564 1153 1641 ‘quud
1176 1565 1238 1623 tieri
1260 1582 1317 1623 non
1341 1570 1444 1640 potest,

168 1666 378 1742 perric-turum,
401 1665 467 1734 sed,
491 1665 568 1745 quod
591 1665 788 1725 adversarium
803 1665 931 1743 franget,
955 1684 1064 1726 caussae
1079 1664 1245 1725 ditationem
1267 1671 1274 1739 Ι
1296 1686 1445 1723 erasmianam.

168 1768 305 1844 promitte
328 1767 355 1827 in
379 1767 523 1827 decimum
547 1784 638 1845 usque
661 1767 788 1827 annum’.
1441 1753 1443 1757 ⁸

232 1888 429 1931 rememoro.
469 1868 532 1928 iiim
554 1876 598 1928 est
619 1869 749 1947 iniquum
773 1869 828 1929 boc
850 1869 1020 1947 praedonum
1048 1888 1155 1947 genus,
1191 1887 1248 1929 non
1277 1875 1320 1930 cst
1349 1868 1445 1947 perni-

139 1971 299 2030 ttciosnm‘?
322 1977 369 2030 aid
393 1970 528 2048 gravibus
550 1974 618 2031 satis
641 1972 753 2031 damnis
776 1990 833 2030 mm
856 1979 977 2032 onerant
1000 1971 1185 2031 Germaniam
1207 1971 1254 2030 tm

232 2092 406 2134 usncsron.
443 2073 518 2133 Satis
539 2073 684 2150 gravibus.
709 2091 766 2151 quo
787 2074 907 2152 aequiori
929 2073 1046 2133 tandem
1070 2074 1166 2132 auimo
1188 2073 1241 2140 fio,
1266 2090 1332 2132 cum
1348 2072 1429 2132 rideo
1446 2080 1513 2128 §.¹⁰2

171 2192 234 2235 esse
256 2173 351 2234 adbuc
373 2173 445 2234 aiios
466 2174 516 2252 qui
537 2174 603 2253 plus
631 2174 806 2234 incommodi
835 2174 952 2252 publico
980 2193 1066 2254 quam
1096 2174 1248 2252 praedones
1270 2174 1446 2235 mercatores

171 2276 254 2344 dent:
288 2278 413 2337 aciatos
436 2276 561 2336 venitin
588 2283 715 2338 mentem
743 2276 812 2337 mibi
840 2275 959 2336 iarrdare
987 2275 1255 2354 Nurenbergeuses,
1277 2285 1285 2354 Ι
1306 2274 1448 2352 ξξξῆξζξξω·

171 2379 219 2457 qni
241 2386 373 2438 senatum
395 2396 481 2438 suurn
503 2377 641 2439 crannum
662 2377 854 2457 prudentibus
877 2378 921 2438 bis
944 2386 1101 2457 arcentque
1124 2397 1139 2438 a
1161 2377 1285 2455 publicis
1307 2396 1357 2439 ees
1379 2395 1448 2438 con-

136 2478 254 2549 ausibis,
277 2486 415 2558 tanquam
436 2481 604 2540 innocentes
627 2499 689 2541 esse
711 2482 759 2559 qui
783 2487 937 2559 nequeant.

232 2602 402 2643 uvrrnnvs.
440 2582 475 2642 Et
507 2600 561 2659 ego
589 2581 708 2642 laudare
735 2581 814 2642 soleo
848 2591 879 2643 nt
907 2585 1015 2660 optime
1043 2601 1104 2643 rem
1135 2581 1304 2648 intuenteis.
1339 2599 1372 2641 ae
1399 2580 1449 2640 ubi

172 2685 331 2745 eucneiunt
353 2686 480 2745 civitates
502 2685 578 2754 alim,
602 2683 680 2744 solos
702 2685 866 2745 acutissime
888 2690 1002 2744 utentes
1024 2683 1124 2743 ocutis.
1159 2683 1243 2753 Quod
1272 2684 1295 2743 si
1325 2683 1354 2742 in
1385 2692 1513 2744 ‹ex-§.ns

171 2784 298 2864 emptum
321 2784 357 2846 ab
380 2785 436 2846 ibis
457 2788 564 2857 veniat,
594 2793 626 2846 ut
653 2786 760 2866 ubique
788 2803 841 2864 per
864 2785 1047 2846 Gerruaniarn
1070 2785 1173 2844 missos
1196 2786 1300 2846 iaciant
1328 2785 1448 2846 advoca·

171 2893 216 2947 tes
238 2894 267 2947 et
288 2906 303 2948 a
327 2904 425 2948 rerum
448 2888 652 2964 miiiernaculis
674 2887 804 2964 relegerit
830 2887 975 2948 indoctam
1007 2887 1082 2947 banc
1111 2885 1217 2946 doctri·
1239 2902 1246 2972 q
1269 2885 1451 2972 ffliffissb‘

137 3003 256 3056 renam,
280 2990 522 3067 patrimoniorum
545 2997 713 3049 nostrorum
736 2997 845 3066 pestem
870 2987 1059 3056 exitiabilem,
1090 2995 1191 3047 exusto
1221 2989 1320 3056 ctiam,
1350 2995 1382 3048 ut
1403 2989 1451 3050 bic

172 3091 274 3152 suadet
295 3091 481 3159 Franciscus,
505 3110 571 3151 eum
594 3098 636 3151 tot
657 3090 853 3151 scribentibus
874 3091 1027 3158 decursio,
1056 3088 1202 3149 dubitabis
1230 3091 1393 3150 restitutum
1415 3091 1450 3151 iri

173 3192 275 3253 iudicia
299 3192 344 3253 bic
368 3192 435 3260 sibi,
466 3199 495 3253 et
516 3211 580 3271 qum
601 3211 680 3253 uunc
702 3192 740 3252 ob
763 3192 906 3251 desertam
928 3192 1052 3266 priscam
1077 3190 1188 3250 risendi
1212 3192 1450 3253 consuetudinem

173 3293 247 3354 maie
269 3295 348 3356 audit
369 3313 404 3354 ae
426 3296 532 3372 optima
563 3295 703 3373 aequitatis
732 3301 760 3354 et
781 3293 898 3353 iustitiae
925 3291 1000 3368 apud
1031 3299 1146 3350 exteros
1174 3293 1308 3367 opinione
1336 3293 1450 3361 excidit,

173 3398 295 3474 patriam
318 3397 393 3457 banc
415 3397 565 3474 antiquum
587 3403 770 3473 recepturam
793 3394 883 3453 decus
905 3400 934 3452 et
955 3392 990 3451 ad
1013 3390 1134 3468 gloriam
1164 3392 1321 3454 redituram
1351 3396 1451 3454 suam?

140 3513 167 3554 ³⁰
241 3519 416 3560 usnemun.
456 3497 519 3558 Nou
542 3496 651 3556 dubito.

237 3621 406 3663 nrrrsnvs.
443 3600 544 3679 ltaque
567 3599 690 3658 maxime
712 3597 865 3674 perniciosi
889 3603 957 3655 snut
978 3596 1007 3655 bi
1031 3597 1058 3654 in
1082 3595 1234 3655 Gennania
1257 3595 1419 3673 praedones.
1449 3610 1515 3660 §.uc

236 3722 411 3764 nasncsroe.
449 3704 523 3763 Sunt
544 3702 691 3780 proiecto:
715 3716 781 3758 naui
805 3697 849 3757 atii
872 3715 920 3756 res
935 3695 1117 3757 abstulerunt
1132 3704 1259 3766 tantum,
1283 3697 1312 3757 bi
1328 3716 1446 3775 pessun-

174 3802 241 3863 dato
264 3804 328 3863 iure
350 3811 378 3863 et
400 3803 541 3881 ademptis
562 3802 675 3880 legibus
697 3801 865 3878 sangumem
888 3799 1063 3859 miserorum
1087 3804 1229 3876 exrrgunt,
1253 3818 1369 3859 omnem
1390 3801 1450 3860 ani-

174 3922 289 3964 meruru
314 3905 510 3981 quietudinem
533 3904 753 3981 perturbantes:
777 3899 999 3978 cogitationibus
1021 3901 1096 3960 euim
1119 3917 1251 3988 meru-q
1284 3898 1450 3987 ,bffiggggffip

141 4028 166 4065 es
178 4007 254 4064 ciant
275 4006 445 4075 sevissime,
469 4007 581 4066 tristitia
598 4013 626 4066 et
640 4022 766 4066 reserere
781 4002 912 4079 affligunt
926 4002 1207 4071 immisericorditer,
1231 4009 1258 4062 et
1278 4003 1359 4080 quasi
1374 4001 1450 4062 lema

175 4106 297 4185 (quadam
321 4106 387 4167 tabe
409 4107 480 4167 ritas
501 4114 683 4167 consumunt.

237 4229 408 4271 nvrrrmvo.
445 4209 605 4269 Possumus
620 4209 715 4285 itaque
731 4209 823 4274 serre,
847 4208 963 4284 pessimi
986 4209 1131 4284 quisunt,
1155 4219 1277 4290 perpe-q
1322 4228 1435 4264 sammon.
1451 4223 1516 4274 §.ton

175 4318 224 4371 tuo
247 4319 278 4370 ut
300 4312 373 4370 siuti
396 4310 466 4389 quin
488 4312 613 4370 maiores
634 4310 779 4370 irnitamnr
801 4316 932 4376 nostros
955 4309 1044 4368 sortes
1067 4310 1156 4378 ciros,
1182 4308 1232 4386 qui
1254 4308 1370 4367 concise
1391 4305 1449 4367 Ru·

241 4530 251 4561 ⁹
270 4532 287 4579 i.
303 4547 325 4580 e.
339 4528 486 4579 Arneidnm
500 4529 724 4593 (tlnubergernm.
762 4526 782 4560 ¹⁰
800 4527 1031 4592 patrocinareris,
1051 4526 1180 4578 &cousin
1194 4532 1216 4578 1.
1237 4542 1322 4576 cause
1339 4530 1413 4577 etiam
1424 4531 1450 4576 2.

175 4615 267 4676 Immo,
287 4630 340 4664 uno
360 4620 450 4664 tamen
469 4614 548 4664 uculo
566 4613 700 4663 ridentes.
741 4609 763 4642 ²³
781 4608 885 4675 ernisto]
905 4611 972 4675 Igne
992 4626 1077 4674 neque
1095 4611 1223 4661 librorum
1241 4626 1328 4675 neque
1347 4612 1450 4677 opinio·

177 4714 239 4748 num
258 4715 363 4748 venene
382 4699 505 4764 extingui
524 4698 571 4749 sed
591 4696 751 4747 exacerbari
763 4696 841 4746 multi
853 4695 942 4746 adhue
959 4698 1093 4747 nesciunt.
1127 4693 1150 4726 ⁸⁵
1168 4697 1323 4746 executioni
1341 4699 1364 4746 1.

236 4784 364 4836 Hrrrsrn
383 4783 451 4834 Orr.
470 4799 533 4845 ren.
546 4783 611 4833 1111.
1183 4779 1222 4840 25
