3382 5370
315 340 363 391 ΔΙ)
383 340 429 389 Vl.
500 351 1258 396 5555555555.55155555555555555555555555.
1357 320 1430 393 263

149 513 210 569 l'ria
232 531 368 588 uunquam
390 515 455 570 satis
478 515 640 588 proveniunt
661 513 767 570 Romae:
791 511 981 588 episcoporum
1003 510 1098 586 pallia.
1125 529 1232 569 tnetrses
1254 509 1380 587 papales,
1403 520 1431 569 et

232 609 344 655 auuatar.
368 593 430 677 [311]

149 683 245 740 Tribus
268 701 337 758 opus
359 692 402 740 cst
423 684 447 740 ei
471 684 515 758 qui
539 684 629 740 baruae
652 683 713 739 lites
736 681 830 738 babet:
859 682 987 756 pecunia,
1019 681 1105 738 literis
1133 681 1374 746 commendatitiis,
1403 691 1431 740 et

235 769 380 826 memlaeio.
405 763 449 845 [5]

124 853 213 910 aTria
235 871 313 910 oruue
336 855 475 928 negotium
491 853 581 910 115555
604 861 778 928 promouent:
801 868 935 913 munera·
949 851 1037 914 saror,
1059 859 1087 909 et
1109 853 1239 926 potentia.
1285 852 1333 909 sed
1355 852 1431 909 lavor

232 939 392 996 conciliatur
413 949 442 996 et
463 939 520 1014 ipse
542 939 646 995 ‹latuloz
668 939 712 995 eui
735 938 796 1012 quis
818 936 952 993 inutiliter
974 936 1045 994 enim
1068 938 1159 994 bonuau
1182 938 1271 994 155511
1294 931 1356 1015 [31]

150 1023 211 1080 Tria
234 1024 324 1080 115555
346 1024 475 1081 evehunt:
498 1024 626 1099 pecunia,
650 1023 771 1084 audacia,
794 1030 822 1079 51
845 1022 1017 1097 impudentia.
1043 1016 1113 1099 [48]

150 1109 210 1164 Tria
232 1108 343 1165 domam
366 1110 404 1165 ire
427 1109 554 1165 suadent:
577 1108 731 1171 aalmiratio.
755 1109 873 1164 luerunt.
896 1115 924 1163 et
945 1107 1013 1163 male
1035 1107 1137 1164 rireudi
1160 1106 1276 1164 lieentia.
1300 1101 1344 1185 [9]
1444 1120 1498 1185 (111)

152 1193 213 1249 Tria
236 1194 403 1250 Germaniam
425 1194 554 1250 haetenus
576 1211 671 1269 sapere
688 1210 741 1250 non
759 1195 956 1268 permiserunt:
980 1191 1130 1267 principum
1149 1192 1268 1266 ignaria,
1291 1192 1431 1251 literarum

118 1292 143 1331 ιο
236 1278 383 1353 imperitia,
406 1288 434 1335 et
456 1279 529 1354 vulgi
551 1279 719 1355 superstitio.

151 1362 258 1438 Triplex
280 1365 416 1420 inventum
438 1365 529 1421 1155555
551 1364 693 1421 eonsilium
715 1363 893 1437 extorquendi
916 1364 949 1419 ab
972 1362 1071 1418 exteris
1093 1380 1203 1419 aarum:
1227 1381 1276 1437 per
1291 1364 1432 1438 indulgen·

238 1449 334 1505 tiarum
357 1450 502 1513 uuudinas,
524 1467 574 1524 per
595 1449 734 1506 simulatas
756 1450 783 1505 in
800 1448 911 1506 Tureatu
934 1447 1134 1524 expeditiones.
1158 1458 1185 1505 et
1199 1465 1342 1506 concessas
1357 1448 1432 1523 lega-

237 1533 270 1590 tis
293 1535 363 1609 apud
385 1534 515 1591 barbaros
538 1535 687 1590 facultates.
713 1527 774 1611 [51]

152 1618 211 1675 1515
234 1637 342 1695 semper
362 1629 480 1693 aguntur
494 1620 598 1682 Rornae,
621 1635 708 1693 neque
731 1635 847 1693 unquam
870 1626 1053 1693 peraguntur:
1076 1618 1223 1675 animarum
1246 1618 1349 1681 beatio,
1377 1617 1433 1675 eol·
1479 1658 1483 1667 .

118 1717 142 1758 55
236 1702 371 1778 lapsarum
393 1702 488 1760 nulium
511 1721 647 1760 sacrarum
669 1703 848 1771 restauratio,
880 1712 909 1760 et
931 1704 957 1758 in
981 1704 1081 1760 'luccas
1103 1701 1247 1778 expeditio.
1292 1704 1348 1761 haee
1369 1712 1433 1761 suut

235 1790 287 1844 tria
309 1789 355 1844 illa
378 1807 492 1862 qrrorum
516 1789 566 1845 sub
588 1796 722 1863 praetextu
745 1788 811 1844 bunt
834 1788 996 1845 exactiones.

151 1873 212 1930 Tria
234 1891 327 1931 omnes
349 1883 445 1949 petunt
468 1875 573 1930 domae:
596 1872 870 1936 15555555511151555,
894 1881 969 1930 55155
992 1891 1100 1935 555555,
1128 1882 1155 1929 51
1178 1874 1258 1930 vitant
1282 1874 1308 1930 in
1330 1873 1431 1931 delitiis

234 1960 373 2033 agendam.
396 1953 458 2037 [15]

151 2043 212 2099 1515
239 2044 317 2101 olnia
344 2053 408 2100 sunt
435 2043 559 2100 omnibus
586 2051 614 2100 et
641 2043 741 2118 ultique
770 2043 910 2100 ridentur:
944 2043 1091 2118 equitatio.
1122 2042 1268 2108 tabellarii,
1302 2052 1330 2100 et
1352 2044 1500 2110 11555-(15)

116 2145 143 2184 55
234 2129 374 2186 dictiones.
398 2124 446 2206 [51.
471 2122 526 2205 lo]

152 2212 213 2268 Tria
236 2215 327 2271 bornae
349 2215 490 2271 admodum
514 2214 586 2270 laute
609 2212 775 2269 vestiuntur:
798 2214 966 2277 sacerdotes,
989 2212 1070 2275 muli.
1094 2222 1122 2269 ct
1144 2214 1309 2271 meretrices.
1333 2208 1396 2290 [ta]

152 2298 212 2353 Tria
236 2300 318 2355 llotna
340 2300 476 2374 exportari
499 2299 694 2373 probibentur:
724 2307 878 2355 sauctorum
901 2297 1023 2372 reliquia
1053 2300 1124 2373 (5555
1147 2315 1180 2355 55
1204 2299 1239 2356 ibi
1262 2298 1434 2372 5151555155

237 2384 430 2447 ostenduntur,
464 2393 579 2459 propter
607 2383 758 2458 ambiguam
784 2384 855 2458 apud
883 2400 975 2440 omues
1004 2384 1038 2440 do
1059 2384 1177 2440 llonrana
1206 2383 1256 2440 lule
1279 2383 1434 2458 opinionem

236 2469 457 2545 incertumst),
481 2470 596 2543 grandes
618 2468 735 2543 lapides,
759 2477 786 2524 et
808 2469 950 2543 pietatem.
983 2486 1043 2542 5555
1065 2470 1173 2543 penitus
1198 2469 1233 2525 ibi
1255 2468 1337 2525 55115.
1370 2462 1432 2546 [33]

117 2553 214 2610 551515
237 2554 327 2610 bonnae
349 2555 503 2629 paucissimi
525 2554 655 2610 creduut:
687 2555 834 2610 animarum
858 2552 1100 2616 irrnuortalitatcm‚
1129 2554 1345 2611 communionem
1373 2570 1433 2609 sau·

236 2647 355 2702 ctorum,
379 2647 407 2695 ct
429 2640 577 2695 inferorum
599 2657 701 2714 ponas.
726 2632 788 2717 [38]

153 2722 214 2779 Tria
244 2724 335 2780 1155555
363 2742 423 2780 eum
453 2724 561 2782 minime
590 2724 659 2786 5151,
695 2733 782 2781 tamen
811 2732 841 2780 ut
869 2741 1000 2798 nusquam
1023 2723 1085 2779 alibi
1115 2732 1302 2780 ostentantur:
1336 2723 1431 2798 pietas.

236 2809 300 2864 lidcs
327 2817 355 2865 51
377 2809 538 2865 innocentia.

153 2893 214 2948 Tria
237 2893 327 2950 115555
350 2912 410 2951 euru
432 2895 488 2950 sint
510 2894 636 2957 inanimo,
664 2895 788 2950 videntur
817 2903 904 2951 tamen
933 2911 1059 2968 perraro:
1089 2902 1164 2951 55155
1192 2912 1287 2951 aurum
1315 2892 1499 2966 (alstra-(30,
1551 2934 1554 2941 .

120 2994 146 3034 55
239 2979 312 3035 ditur
334 2980 384 3036 lroc
406 2997 420 3035 a
442 2979 587 3036 cortisanis
609 2988 637 3035 et
658 2979 892 3050 155555515511555),
923 2980 1043 3054 pontifex
1072 2979 1145 3052 (raro
1168 2980 1204 3042 is,
1232 2988 1263 3035 ut
1291 2978 1433 3052 augustior

240 3065 276 3119 sit
298 3065 356 3120 cius
378 3065 447 3139 apud
470 3064 578 3137 vulgum
601 3073 777 3139 conspectus.
801 3064 941 3139 proditio
964 3064 1125 3138 publicum),
1149 3074 1177 3120 et
1200 3072 1319 3120 5555515
1341 3062 1434 3119 mulie·

238 3167 280 3204 555
303 3148 411 3223 (5511555
433 3158 547 3224 propter
569 3148 730 3223 zelotypiam
753 3157 780 3204 et
802 3148 996 3204 adulteriorum
1020 3149 1055 3204 ibi
1080 3148 1212 3206 licentiam
1236 3155 1359 3206 metuunt
1388 3147 1432 3223 qui

237 3233 352 3297 habent.
375 3242 456 3308 51555
480 3234 563 3308 igitur
584 3235 733 3291 custoditas
756 3231 919 3308 observant).
954 3227 1015 3311 [29]

154 3317 215 3373 Tria
237 3318 359 3375 homines
383 3319 538 3376 osculantur
560 3319 664 3375 1155555
687 3335 795 3381 manus.
818 3317 927 3380 altaria,
951 3327 978 3373 51
1001 3318 1105 3373 buccas.
1139 3313 1201 3395 [18]

119 3402 216 3458 551515
239 3404 421 3461 misericordia
444 3412 508 3461 sunt
529 3404 634 3460 Romae:
668 3403 907 3464 monasteriorum,
936 3403 1012 3476 siqua
1035 3411 1099 3458 suut
1121 3403 1308 3477 opulentiora,
1337 3419 1434 3459 555555

238 3489 301 3544 dare
324 3489 350 3545 iu
380 3488 576 3551 commendam,
609 3497 640 3545 51
671 3497 779 3550 555551,
812 3487 1010 3549 cardinalibus:
1042 3488 1232 3544 canonicorum
1263 3487 1375 3561 vectigal
1407 3495 1435 3542 et

239 3574 346 3647 pinguia
369 3573 469 3647 ubique
491 3573 641 3630 sacerdotia
664 3573 805 3630 obvertere
832 3571 970 3629 collationi
1000 3570 1160 3647 pontificiam
1187 3581 1215 3628 51
1242 3571 1434 3629 11555155515111·

238 3659 288 3713 bus
310 3658 549 3733 superstitionibus
571 3677 602 3715 ac
629 3659 715 3732 nangis
742 3658 821 3733 plane¹
850 3656 1000 3714 terroribus
1024 3648 1133 3713 Ι5555155
1162 3657 1193 3712 ad
1219 3656 1435 3731 desperationem

240 3743 357 3800 lidclium
379 3752 483 3800 mentes
504 3744 733 3800 condonatiouum
756 3752 784 3799 51
806 3743 941 3799 veniarum
963 3742 1085 3797 relinere
1108 3742 1310 3798 medicamento.
1343 3741 1434 3796 115551-

241 3830 306 3885 tiam
327 3829 404 3886 rideo
427 3836 454 3884 et
476 3828 596 3885 fraudem
620 3827 821 3903 inexplebilem,
845 3827 947 3883 nullutn
970 3844 1039 3901 opus
1061 3826 1261 3883 misericordiae.
1294 3826 1361 3894 Quid
1376 3826 1434 3882 diu·

242 3915 297 3970 tius
320 3914 444 3970 laseiuari
469 3914 583 3970 mumlus
606 3913 743 3969 sustinet?
765 3931 799 3969 au
821 3913 884 3987 quid
908 3913 934 3967 in
957 3929 1031 3968 mora
1054 3920 1097 3968 est
1118 3929 1173 3985 quo
1188 3911 1276 3967 nriuus
1290 3911 1434 3969 confestim

239 4008 342 4056 5555151
363 4018 410 4055 555
433 3999 478 4073 551
502 4007 659 4073 pervertunt
682 3998 788 4054 omnia'l
821 3997 939 4071 benique
962 3997 1068 4053 miseria
1091 4014 1165 4071 quau,
1194 4014 1352 4071 persuasum
1374 4013 1434 4052 esse

239 4101 292 4140 non
321 4084 402 4140 lieero
429 4084 585 4140 morbosum
613 4084 681 4145 boc.
717 4093 748 4138 51
775 4082 871 4139 melius
903 4082 939 4137 sit
965 4082 1074 4156 corpori
1101 4081 1242 4143 universo,
1277 4081 1435 4138 sulnnuvere

238 4171 335 4243 caput‘i
368 4163 430 4246 [15]

122 4254 417 4311 11151555511155555
440 4255 466 4310 in
488 4262 645 4328 comperto:
678 4253 858 4309 Romanorum
881 4252 980 4313 virtus.
1010 4251 1137 4308 ltalorum
1161 4252 1292 4314 versutia.
1322 4259 1349 4306 ct
1372 4251 1436 4307 Gor·

243 4357 384 4398 titanorum
407 4340 512 4396 inertia.
546 4332 608 4416 [53]

159 4425 221 4481 Tria
243 4434 306 4482 suut
327 4425 446 4499 graviter
469 4425 590 4481 lereada:
620 4424 691 4497 quod
721 4423 836 4497 pessima
865 4422 947 4478 155115
969 4421 1188 4479 Placentinorum
1216 4423 1242 4479 in
1265 4422 1438 4479 551555155ιί-

242 4519 336 4572 uetur.
360 4511 432 4584 quod
455 4528 504 4585 pro
520 4510 573 4566 1155
595 4508 745 4565 babendum
761 4506 915 4563 Pontificem
939 4507 1126 4563 adsentatores
1147 4508 1189 4564 sui
1205 4515 1328 4570 monent.
1353 4508 1437 4582 quod·

244 4614 296 4669 555
318 4595 428 4651 niarium
452 4594 563 4651 licenter
584 4603 698 4669 usurpat
720 4592 765 4650 ille
788 4592 839 4649 sibi
862 4592 996 4648 veniarum
1020 4591 1177 4649 benelieium
1206 4600 1232 4649 et
1260 4593 1436 4650 anathematis

125 4689 151 4729 ⁵⁰
245 4697 358 4755 paenam.
392 4675 454 4757 [16]
