3382 5370
445 383 492 433 XI.
563 399 721 434 ruuoours.
791 399 928 434 urauoors
948 399 1129 434 nrrrrurcvs.
1150 383 1235 447 (iseo.)
1407 368 1478 440 367

1175 510 1180 531 .

262 571 462 613 rnauersevs.
501 552 536 612 Et
563 554 591 612 in
624 551 685 613 aliis
713 560 781 615 suut
808 552 960 614 ordinibus
981 552 1073 614 multo
1094 552 1194 634 plures
1215 553 1360 634 longeque
1382 554 1480 633 perni-

200 655 347 714 oiosiores.

261 775 437 817 unncarou.
475 755 538 816 Nou
562 757 644 816 rideo
666 755 716 816 uhi
738 758 803 817 sint.
1487 759 1546 810 pm.

263 877 461 918 rnaucrsevs.
493 857 665 918 Ostendam:
682 860 808 936 primum
824 867 921 920 autern
939 860 1056 920 fatearis
1070 878 1189 921 neeesse
1205 869 1263 931 est,
1286 862 1335 940 qui
1351 863 1379 922 iu
1395 859 1480 941 sylvis

178 973 191 1009 s
202 968 230 1019 et
252 962 329 1039 agris
352 959 574 1028 latrocinantur,
598 977 656 1021 uon
680 979 781 1021 omues
803 980 866 1022 esse
889 964 1014 1041 equites:
1038 980 1103 1022 nam
1127 970 1159 1022 ut
1173 962 1308 1041 prodiga·
1331 974 1338 1046 Ι
1360 960 1480 1038 impl*

197 1062 325 1122 tissimus
347 1063 469 1140 quisque
492 1069 536 1120 est
551 1069 580 1121 et
594 1079 708 1122 summe
724 1063 912 1142 desperatus,
936 1064 973 1123 ita
990 1063 1125 1124 facillime
1141 1064 1249 1141 flagitio
1264 1082 1328 1124 sese
1343 1066 1477 1141 accingit.

261 1183 435 1224 mascaron.
473 1165 509 1223 at
537 1165 629 1241 prima
659 1163 696 1225 de
723 1164 805 1225 robis
828 1172 856 1225 et
883 1167 1022 1233 maxima,
1052 1167 1165 1245 quoties
1187 1165 1245 1226 tale
1267 1166 1415 1244 quidpiam
1438 1167 1477 1235 dt,

197 1268 325 1346 suspicio
348 1272 407 1332 est,
430 1273 458 1325 et
480 1285 534 1325 nos
556 1265 711 1345 prmdonos
732 1286 869 1328 rooamus
891 1268 1018 1347 Equites.
1343 1256 1351 1325 l
1374 1265 1479 1353 2253530·

261 1387 460 1430 ruarcrsovs.
499 1366 554 1437 Qui
577 1368 645 1427 vost

165 1481 188 1519 ¹⁰
262 1490 438 1532 macaron.
477 1470 531 1542 Oui
554 1472 677 1530 maxime
700 1469 867 1548 diripimur,
891 1471 1076 1533 Mercatores.

258 1591 456 1634 ruaucrsovs.
495 1571 649 1652 Nunquam
679 1589 734 1649 ego
756 1573 872 1651 quidem
894 1577 936 1634 sie
957 1573 1108 1653 loquutum
1131 1582 1238 1653 praeter
1261 1581 1288 1635 te
1310 1575 1475 1654 quempiam

197 1677 283 1736 vestri
306 1673 417 1733 ordinis
439 1673 542 1734 audivi.
588 1680 787 1734 verumtamen
816 1676 862 1737 die
890 1677 974 1746 mihi,
1004 1695 1131 1755 uuquam
1154 1676 1257 1757 aliquis
1278 1683 1307 1737 te
1330 1677 1496 1755 pradarosr
1512 1695 1544 1738 u.

196 1785 239 1840 est
260 1777 375 1857 Eques?

237 1886 431 1940 ueremur!
451 1878 605 1957 Nunquam
628 1878 745 1957 aliquis,
769 1879 820 1940 sed
843 1879 925 1940 timui
947 1897 1078 1958 semper,
1103 1888 1131 1941 et
1153 1882 1272 1941 inlestos
1288 1879 1382 1941 habeo
1397 1880 1474 1958 quod

163 1983 251 2042 ¹⁵vidi
275 1980 449 2060 exspoliatos
471 2000 486 2040 a
511 1979 591 2040 robis
613 1979 735 2050 multos,
758 1988 787 2041 et
809 1982 883 2042 larua
908 1990 952 2042 est
973 1981 1030 2042 hoo
1053 2001 1102 2041 ros
1124 1981 1219 2042 solere
1242 1984 1347 2043 iacere.

258 2102 455 2145 rnauerscvs.
494 2082 578 2152 Quod
602 2081 736 2160 equidem
759 2084 850 2142 miror
872 2083 918 2143 his
939 2082 1046 2143 talibus
1068 2083 1225 2144 maledictis
1248 2084 1381 2145 ordinem
1397 2084 1476 2145 hune

198 2187 344 2246 incessere
360 2192 402 2252 te,
426 2203 521 2263 neque
537 2201 654 2262 passum
677 2183 744 2243 iude
767 2183 834 2244 mali
858 2185 1004 2263 quidpiam
1028 2202 1123 2264 neque
1145 2193 1262 2264 sumpto
1279 2187 1332 2246 uisi
1348 2207 1383 2247 ex
1399 2188 1474 2247 lama

195 2294 383 2364 argumento:
416 2303 482 2346 uam
522 2286 591 2363 quid
625 2303 683 2344 uon
717 2287 826 2346 vereris
860 2293 916 2346 tam
950 2285 1027 2347 nulla
1056 2287 1092 2346 de
1121 2304 1222 2347 sarissa
1251 2288 1345 2348 ordini
1376 2288 1475 2349 elaris-

195 2391 268 2449 simo
292 2385 497 2448 contumeliam
521 2387 632 2456 laoere,
655 2394 742 2466 teque
764 2387 842 2449 ultro
864 2388 996 2449 odiosum
1019 2389 1144 2449 reddere
1166 2407 1200 2449 ac
1223 2389 1382 2450 iulestumi
1405 2391 1473 2469 quin

159 2495 291 2571 aponus
314 2509 371 2550 non
395 2489 467 2550 adeo
489 2496 601 2550 temere
623 2489 710 2549 rerlra
733 2490 854 2568 posthae
877 2491 1015 2560 elluudis,
1039 2499 1126 2570 atque
1141 2493 1223 2552 istam
1239 2499 1385 2570 temperas
1399 2510 1474 2570 pree·

194 2601 339 2673 posteram
360 2601 441 2652 tuam
463 2590 601 2669 loquendi
623 2590 801 2653 liberiorem:
832 2610 948 2670 semper
971 2594 1047 2653 enim
1071 2600 1100 2652 et
1120 2594 1149 2653 iu
1173 2594 1265 2653 omni·
1287 2591 1470 2678 laam&

193 2695 248 2756 hus
271 2695 396 2773 graviter
425 2693 572 2770 punienda
601 2692 653 2753 luit
681 2692 786 2754 levium
816 2694 972 2755 uerborum
1001 2697 1172 2772 procacitas.
1218 2695 1274 2754 Sed
1297 2697 1354 2755 iarn
1376 2704 1541 2756 osten-§.a

193 2798 276 2864 dam,
300 2797 349 2874 qui
371 2797 428 2854 siut
450 2794 516 2854 anui
540 2794 701 2872 praedones.

256 2917 430 2958 uunoaroa.
470 2898 552 2956 l'rius
574 2896 610 2956 da
634 2898 755 2966 reniam,
778 2896 955 2976 Imperator,
979 2899 1063 2965 milri.
1088 2899 1166 2976 quod
1189 2900 1369 2978 peccaverim
1393 2901 1422 2961 in
1444 2906 1473 2960 te

159 3000 258 3060 asinio:
282 3017 349 3060 nam
372 2999 513 3076 resipisco
536 2998 608 3067 iam,
633 3017 734 3059 errore
757 3001 863 3077 agnito.

255 3120 453 3163 rnaucrsors.
493 3088 634 3178 Equidem
664 3099 716 3170 do,
747 3109 834 3180 atque
863 3103 887 3162 is
914 3104 1002 3163 etiam
1029 3102 1135 3164 redibit
1163 3104 1192 3164 iu
1224 3105 1346 3182 gratiam
1374 3111 1471 3165 tecum

192 3204 349 3271 Huttenus,
372 3203 394 3261 si
418 3221 465 3262 mo
487 3202 576 3262 audit.

254 3324 425 3365 nvrruuvs.
462 3305 569 3373 dudio,
594 3312 622 3365 et
644 3307 686 3366 sio
707 3306 852 3381 agendum
876 3305 961 3366 nohis
983 3313 1068 3384 puto,
1092 3308 1234 3386 siquidem
1257 3309 1378 3386 posthae
1401 3316 1471 3371 tem-

192 3406 306 3485 perabit
328 3407 380 3465 iste.
403 3405 466 3466 sibi.

157 3526 183 3566 oo
255 3528 429 3570 arenearum
466 3508 660 3585 'lemperalro

253 3629 450 3670 raasorseus.
488 3610 579 3688 lgitnr
610 3617 735 3689 quatuor
760 3618 829 3671 suut
857 3613 885 3671 in
909 3612 1064 3673 Germania
1087 3611 1202 3672 l‘raedo·
1225 3618 1231 3688 Ι
1254 3611 1538 3695 iffi·2‡qzssp⁵⁸⁶‘'⁰¹·l-²²·

191 3728 260 3771 num
284 3730 400 3789 genera.

254 3833 431 3874 ueroauou.
469 3814 577 3874 Audire
600 3815 700 3892 gestio.

253 3935 425 3975 uvrreuvs.
464 3915 610 3987 Quorum,
639 3916 761 3994 hospes,
790 3917 918 3994 primum
946 3925 975 3977 et
1001 3918 1277 3995 perniciosissimum
1301 3926 1345 3979 est
1367 3919 1470 3981 Sacer·

155 4016 292 4076 nodotum
314 4015 394 4076 illud.

252 4138 450 4179 rnaucrsevs.
489 4121 524 4179 dt
552 4138 606 4198 ego
636 4119 812 4180 levissimum
840 4121 990 4198 positurus
1017 4139 1096 4182 eram
1126 4124 1221 4199 primo
1254 4122 1331 4192 loeo,
1365 4123 1469 4185 deinde

191 4221 331 4298 quosdam
360 4222 441 4298 quasi
471 4238 524 4297 per
551 4221 660 4297 gradus
688 4221 723 4281 ad
753 4223 956 4298 gravissimum
978 4222 1048 4284 illud
1072 4232 1100 4284 et
1122 4242 1236 4284 summe
1258 4226 1376 4285 noxium
1400 4245 1469 4286 eon-

189 4321 331 4381 seeudere
353 4320 498 4390 solebam,
522 4324 559 4382 ita
583 4323 684 4402 utqui
707 4325 802 4383 miuus
824 4333 975 4404 raperent,
999 4328 1080 4404 prius
1102 4326 1138 4386 de
1161 4327 1208 4393 iis,
1232 4333 1299 4405 post
1314 4329 1362 4406 qui
1378 4330 1469 4404 magis

189 4442 224 4481 ae
247 4424 352 4500 magis,
375 4422 527 4483 referrem.

187 4558 387 4568 *-

255 4626 265 4656 ⁷
284 4627 416 4692 quispiam
429 4628 488 4676 edd.
540 4626 618 4676 ”ie
633 4627 913 4692 prmdonibusdamus
926 4631 1046 4695 equitum
1064 4647 1169 4681 nomen.
1196 4632 1234 4694 Cf.
1248 4632 1468 4700 manantia-rep·

184 4726 242 4773 per.
311 4707 332 4740 ²⁵³
352 4709 388 4776 et]
409 4727 439 4761 es
453 4714 475 4760 1.
528 4710 549 4743 ³⁸
568 4714 618 4775 iit,
638 4711 698 4778 post
711 4718 732 4763 1.
