<?xml version="1.0" encoding="UTF-8"?>
<!DOCTYPE html PUBLIC "-//W3C//DTD XHTML 1.0 Transitional//EN"
    "http://www.w3.org/TR/xhtml1/DTD/xhtml1-transitional.dtd">
<html xmlns="http://www.w3.org/1999/xhtml" xml:lang="en" lang="en">
 <head>
  <title>
</title>
<meta http-equiv="Content-Type" content="text/html;charset=utf-8" />
  <meta name='ocr-system' content='tesseract 3.04.00' />
  <meta name='ocr-capabilities' content='ocr_page ocr_carea ocr_par ocr_line ocrx_word'/>
</head>
<body>
  <div class='ocr_page' id='page_1' title='image "./ulrichihuttenie09huttgoog_0107.png"; bbox 0 0 3382 5370; ppageno 0'>
   <div class='ocr_carea' id='block_1_1' title="bbox 255 345 1266 426">
    <p class='ocr_par' dir='ltr' id='par_1_1' title="bbox 255 345 1266 426">
     <span class='ocr_line' id='line_1_1' title="bbox 255 345 1266 426; baseline 0 -15"><span class='ocrx_word' id='word_1_1' title='bbox 255 345 303 418; x_wconf 84' lang='grc'><strong>92</strong></span> <span class='ocrx_word' id='word_1_2' title='bbox 516 361 582 411; x_wconf 84' lang='lat'>1111.</span> <span class='ocrx_word' id='word_1_3' title='bbox 651 375 787 410; x_wconf 82' lang='lat' dir='ltr'><strong>roarvns.</strong></span> <span class='ocrx_word' id='word_1_4' title='bbox 824 373 962 410; x_wconf 78' lang='lat' dir='ltr'><strong>nrrroavs</strong></span> <span class='ocrx_word' id='word_1_5' title='bbox 982 375 1164 411; x_wconf 81' lang='lat' dir='ltr'><strong>nvrrsmcvs.</strong></span> <span class='ocrx_word' id='word_1_6' title='bbox 1184 359 1266 426; x_wconf 72' lang='lat' dir='ltr'><strong>(rora.)</strong></span> 
     </span>
    </p>
   </div>
   <div class='ocr_carea' id='block_1_2' title="bbox 187 530 1605 2952">
    <p class='ocr_par' dir='ltr' id='par_1_2' title="bbox 187 530 1605 2952">
     <span class='ocr_line' id='line_1_2' title="bbox 317 530 931 610; baseline -0.007 -16"><span class='ocrx_word' id='word_1_7' title='bbox 317 551 468 594; x_wconf 81' lang='lat' dir='ltr'><strong>ronevnr.</strong></span> <span class='ocrx_word' id='word_1_8' title='bbox 505 532 542 592; x_wconf 77' lang='lat' dir='ltr'><strong>At</strong></span> <span class='ocrx_word' id='word_1_9' title='bbox 563 532 657 610; x_wconf 89' lang='lat' dir='ltr'><strong>ipsum</strong></span> <span class='ocrx_word' id='word_1_10' title='bbox 680 531 737 591; x_wconf 90' lang='lat' dir='ltr'><strong>boc</strong></span> <span class='ocrx_word' id='word_1_11' title='bbox 757 548 818 590; x_wconf 90' lang='lat' dir='ltr'><strong>non</strong></span> <span class='ocrx_word' id='word_1_12' title='bbox 841 530 931 592; x_wconf 89' lang='lat' dir='ltr'><strong>video.</strong></span> 
     </span>
     <span class='ocr_line' id='line_1_3' title="bbox 318 632 969 711; baseline -0.006 -16"><span class='ocrx_word' id='word_1_13' title='bbox 318 654 488 695; x_wconf 82' lang='lat' dir='ltr'><strong>urrernrs.</strong></span> <span class='ocrx_word' id='word_1_14' title='bbox 526 633 594 694; x_wconf 87' lang='lat' dir='ltr'><strong>Sino</strong></span> <span class='ocrx_word' id='word_1_15' title='bbox 617 652 663 694; x_wconf 91' lang='lat' dir='ltr'><strong>me</strong></span> <span class='ocrx_word' id='word_1_16' title='bbox 685 633 830 711; x_wconf 81' lang='lat' dir='ltr'><strong>inspicere</strong></span> <span class='ocrx_word' id='word_1_17' title='bbox 851 632 902 694; x_wconf 92' lang='lat' dir='ltr'><strong>ubi</strong></span> <span class='ocrx_word' id='word_1_18' title='bbox 925 632 969 692; x_wconf 85' lang='lat' dir='ltr'><strong>sit.</strong></span> 
     </span>
     <span class='ocr_line' id='line_1_4' title="bbox 188 733 1532 815; baseline -0.004 -16"><span class='ocrx_word' id='word_1_19' title='bbox 188 749 245 800; x_wconf 65' lang='lat' dir='ltr'><strong>§.re</strong></span> <span class='ocrx_word' id='word_1_20' title='bbox 318 755 468 797; x_wconf 79' lang='lat' dir='ltr'><strong>ronrvns.</strong></span> <span class='ocrx_word' id='word_1_21' title='bbox 507 735 627 802; x_wconf 80' lang='lat' dir='ltr'><strong>Desine,</strong></span> <span class='ocrx_word' id='word_1_22' title='bbox 651 741 736 814; x_wconf 84' lang='lat' dir='ltr'><strong>atque</strong></span> <span class='ocrx_word' id='word_1_23' title='bbox 759 734 828 795; x_wconf 91' lang='lat' dir='ltr'><strong>binc</strong></span> <span class='ocrx_word' id='word_1_24' title='bbox 849 741 877 794; x_wconf 90' lang='lat' dir='ltr'><strong>te</strong></span> <span class='ocrx_word' id='word_1_25' title='bbox 900 753 989 815; x_wconf 74' lang='lat' dir='ltr'><strong>ocyus</strong></span> <span class='ocrx_word' id='word_1_26' title='bbox 1010 754 1068 814; x_wconf 92' lang='lat' dir='ltr'><strong>quo</strong></span> <span class='ocrx_word' id='word_1_27' title='bbox 1091 753 1170 796; x_wconf 90' lang='lat' dir='ltr'><strong>nuuc</strong></span> <span class='ocrx_word' id='word_1_28' title='bbox 1192 733 1363 795; x_wconf 89' lang='lat' dir='ltr'><strong>eiiciendnm</strong></span> <span class='ocrx_word' id='word_1_29' title='bbox 1387 742 1431 795; x_wconf 88' lang='lat' dir='ltr'><strong>est</strong></span> <span class='ocrx_word' id='word_1_30' title='bbox 1453 735 1532 795; x_wconf 88' lang='lat' dir='ltr'><strong>mibi.</strong></span> 
     </span>
     <span class='ocr_line' id='line_1_5' title="bbox 317 835 1534 916; baseline 0 -19"><span class='ocrx_word' id='word_1_31' title='bbox 317 857 487 898; x_wconf 82' lang='lat' dir='ltr'><strong>nvrrenvs.</strong></span> <span class='ocrx_word' id='word_1_32' title='bbox 526 836 568 896; x_wconf 86' lang='lat' dir='ltr'><strong>Dii</strong></span> <span class='ocrx_word' id='word_1_33' title='bbox 591 835 676 904; x_wconf 90' lang='lat' dir='ltr'><strong>boni,</strong></span> <span class='ocrx_word' id='word_1_34' title='bbox 699 854 773 916; x_wconf 87' lang='lat' dir='ltr'><strong>quos</strong></span> <span class='ocrx_word' id='word_1_35' title='bbox 794 836 947 914; x_wconf 86' lang='lat' dir='ltr'><strong>strepitus,</strong></span> <span class='ocrx_word' id='word_1_36' title='bbox 970 836 1083 916; x_wconf 87' lang='lat' dir='ltr'><strong>qualem</strong></span> <span class='ocrx_word' id='word_1_37' title='bbox 1107 838 1350 916; x_wconf 74' lang='lat' dir='ltr'><strong>expectationem,</strong></span> <span class='ocrx_word' id='word_1_38' title='bbox 1379 855 1451 914; x_wconf 78' lang='lat' dir='ltr'><strong>quas</strong></span> <span class='ocrx_word' id='word_1_39' title='bbox 1473 844 1534 897; x_wconf 91' lang='lat' dir='ltr'><strong>tur·</strong></span> 
     </span>
     <span class='ocr_line' id='line_1_6' title="bbox 255 938 1555 1017; baseline 0 -18"><span class='ocrx_word' id='word_1_40' title='bbox 255 938 321 1008; x_wconf 89' lang='lat' dir='ltr'><strong>bas,</strong></span> <span class='ocrx_word' id='word_1_41' title='bbox 344 958 430 1017; x_wconf 73' lang='lat' dir='ltr'><strong>cpiam</strong></span> <span class='ocrx_word' id='word_1_42' title='bbox 455 939 548 999; x_wconf 83' lang='lat' dir='ltr'><strong>varios</strong></span> <span class='ocrx_word' id='word_1_43' title='bbox 570 944 722 1016; x_wconf 79' lang='lat' dir='ltr'><strong>pectorum</strong></span> <span class='ocrx_word' id='word_1_44' title='bbox 745 943 841 998; x_wconf 87' lang='lat' dir='ltr'><strong>motus</strong></span> <span class='ocrx_word' id='word_1_45' title='bbox 861 938 960 1006; x_wconf 90' lang='lat' dir='ltr'><strong>video,</strong></span> <span class='ocrx_word' id='word_1_46' title='bbox 984 946 1014 998; x_wconf 90' lang='lat' dir='ltr'><strong>nt</strong></span> <span class='ocrx_word' id='word_1_47' title='bbox 1037 947 1218 999; x_wconf 82' lang='lat' dir='ltr'><strong>concurrunt</strong></span> <span class='ocrx_word' id='word_1_48' title='bbox 1232 956 1408 1017; x_wconf 86' lang='lat' dir='ltr'><strong>rursumque</strong></span> <span class='ocrx_word' id='word_1_49' title='bbox 1423 939 1555 999; x_wconf 81' lang='lat' dir='ltr'><strong>dissue-⁵</strong></span> 
     </span>
     <span class='ocr_line' id='line_1_7' title="bbox 255 1038 1505 1120; baseline 0 -20"><span class='ocrx_word' id='word_1_50' title='bbox 255 1047 324 1101; x_wconf 88' lang='lat' dir='ltr'><strong>runt</strong></span> <span class='ocrx_word' id='word_1_51' title='bbox 346 1041 493 1111; x_wconf 87' lang='lat' dir='ltr'><strong>bomiues,</strong></span> <span class='ocrx_word' id='word_1_52' title='bbox 516 1059 642 1120; x_wconf 88' lang='lat' dir='ltr'><strong>quorum</strong></span> <span class='ocrx_word' id='word_1_53' title='bbox 664 1038 745 1099; x_wconf 74' lang='lat' dir='ltr'><strong>laetos</strong></span> <span class='ocrx_word' id='word_1_54' title='bbox 767 1039 922 1119; x_wconf 84' lang='lat' dir='ltr'><strong>quosdam,</strong></span> <span class='ocrx_word' id='word_1_55' title='bbox 946 1058 1070 1101; x_wconf 77' lang='lat' dir='ltr'><strong>merore</strong></span> <span class='ocrx_word' id='word_1_56' title='bbox 1092 1040 1227 1120; x_wconf 78' lang='lat' dir='ltr'><strong>perfusos</strong></span> <span class='ocrx_word' id='word_1_57' title='bbox 1249 1040 1319 1100; x_wconf 83' lang='lat' dir='ltr'><strong>alios</strong></span> <span class='ocrx_word' id='word_1_58' title='bbox 1342 1041 1505 1119; x_wconf 77' lang='lat' dir='ltr'>conspicor.</span> 
     </span>
     <span class='ocr_line' id='line_1_8' title="bbox 188 1141 1142 1221; baseline 0.003 -23"><span class='ocrx_word' id='word_1_59' title='bbox 188 1147 245 1198; x_wconf 71' lang='lat' dir='ltr'><strong>§.tu</strong></span> <span class='ocrx_word' id='word_1_60' title='bbox 317 1163 468 1204; x_wconf 78' lang='lat' dir='ltr'><strong>romena.</strong></span> <span class='ocrx_word' id='word_1_61' title='bbox 506 1142 580 1214; x_wconf 84' lang='lat' dir='ltr'><strong>Ouid</strong></span> <span class='ocrx_word' id='word_1_62' title='bbox 602 1141 778 1220; x_wconf 73' lang='lat' dir='ltr'><strong>loquuntur?</strong></span> <span class='ocrx_word' id='word_1_63' title='bbox 801 1161 858 1221; x_wconf 88' lang='lat' dir='ltr'><strong>quo</strong></span> <span class='ocrx_word' id='word_1_64' title='bbox 881 1145 1013 1220; x_wconf 86' lang='lat' dir='ltr'><strong>pervenit</strong></span> <span class='ocrx_word' id='word_1_65' title='bbox 1034 1144 1142 1203; x_wconf 76' lang='lat' dir='ltr'><strong>iactus?</strong></span> 
     </span>
     <span class='ocr_line' id='line_1_9' title="bbox 318 1243 847 1321; baseline -0.004 -15"><span class='ocrx_word' id='word_1_66' title='bbox 318 1263 488 1306; x_wconf 81' lang='lat' dir='ltr'><strong>nrrrenvs.</strong></span> <span class='ocrx_word' id='word_1_67' title='bbox 525 1245 556 1304; x_wconf 90' lang='lat' dir='ltr'><strong>iu</strong></span> <span class='ocrx_word' id='word_1_68' title='bbox 580 1243 730 1321; x_wconf 76' lang='lat' dir='ltr'><strong>Hispanias</strong></span> <span class='ocrx_word' id='word_1_69' title='bbox 752 1244 847 1304; x_wconf 85' lang='lat' dir='ltr'><strong>audio.</strong></span> 
     </span>
     <span class='ocr_line' id='line_1_10' title="bbox 317 1344 665 1415; baseline -0.011 -7"><span class='ocrx_word' id='word_1_70' title='bbox 317 1367 468 1408; x_wconf 72' lang='lat' dir='ltr'><strong>enarres.</strong></span> <span class='ocrx_word' id='word_1_71' title='bbox 512 1344 586 1415; x_wconf 79' lang='lat' dir='ltr'><strong>Quid</strong></span> <span class='ocrx_word' id='word_1_72' title='bbox 610 1345 665 1406; x_wconf 75' lang='lat' dir='ltr'><strong>ibi?</strong></span> 
     </span>
     <span class='ocr_line' id='line_1_11' title="bbox 318 1447 1569 1527; baseline 0 -19"><span class='ocrx_word' id='word_1_73' title='bbox 318 1466 487 1510; x_wconf 79' lang='lat' dir='ltr'><strong>nvrensvs.</strong></span> <span class='ocrx_word' id='word_1_74' title='bbox 525 1447 628 1508; x_wconf 78' lang='lat' dir='ltr'><strong>Cereio</strong></span> <span class='ocrx_word' id='word_1_75' title='bbox 650 1449 766 1508; x_wconf 76' lang='lat' dir='ltr'><strong>Austrio</strong></span> <span class='ocrx_word' id='word_1_76' title='bbox 794 1448 830 1508; x_wconf 90' lang='lat' dir='ltr'><strong>ad</strong></span> <span class='ocrx_word' id='word_1_77' title='bbox 853 1455 894 1508; x_wconf 90' lang='lat' dir='ltr'><strong>tot</strong></span> <span class='ocrx_word' id='word_1_78' title='bbox 916 1466 1076 1527; x_wconf 87' lang='lat' dir='ltr'><strong>regnorum</strong></span> <span class='ocrx_word' id='word_1_79' title='bbox 1098 1448 1311 1527; x_wconf 87' lang='lat' dir='ltr'><strong>possessionem</strong></span> <span class='ocrx_word' id='word_1_80' title='bbox 1335 1447 1460 1508; x_wconf 78' lang='lat' dir='ltr'><strong>eiulatum</strong></span> <span class='ocrx_word' id='word_1_81' title='bbox 1483 1449 1569 1509; x_wconf 86' lang='lat' dir='ltr'><strong>ad·¹⁰</strong></span> 
     </span>
     <span class='ocr_line' id='line_1_12' title="bbox 254 1549 779 1629; baseline -0.004 -18"><span class='ocrx_word' id='word_1_82' title='bbox 254 1549 312 1611; x_wconf 91' lang='lat' dir='ltr'><strong>buc</strong></span> <span class='ocrx_word' id='word_1_83' title='bbox 327 1551 491 1611; x_wconf 82' lang='lat' dir='ltr'><strong>Rorrrauum</strong></span> <span class='ocrx_word' id='word_1_84' title='bbox 514 1550 594 1609; x_wconf 86' lang='lat' dir='ltr'><strong>aiunt</strong></span> <span class='ocrx_word' id='word_1_85' title='bbox 615 1549 779 1629; x_wconf 91' lang='lat' dir='ltr'><strong>imperium.</strong></span> 
     </span>
     <span class='ocr_line' id='line_1_13' title="bbox 318 1649 889 1720; baseline -0.007 -6"><span class='ocrx_word' id='word_1_86' title='bbox 318 1661 468 1714; x_wconf 79' lang='lat' dir='ltr'><strong>enervas.</strong></span> <span class='ocrx_word' id='word_1_87' title='bbox 507 1649 577 1720; x_wconf 79' lang='lat' dir='ltr'><strong>Quis</strong></span> <span class='ocrx_word' id='word_1_88' title='bbox 599 1651 655 1711; x_wconf 87' lang='lat' dir='ltr'><strong>boc</strong></span> <span class='ocrx_word' id='word_1_89' title='bbox 677 1650 755 1711; x_wconf 89' lang='lat' dir='ltr'><strong>doiet</strong></span> <span class='ocrx_word' id='word_1_90' title='bbox 776 1654 889 1712; x_wconf 80' lang='lat' dir='ltr'><strong>autem?</strong></span> 
     </span>
     <span class='ocr_line' id='line_1_14' title="bbox 319 1751 1534 1832; baseline 0.001 -19"><span class='ocrx_word' id='word_1_91' title='bbox 319 1772 488 1815; x_wconf 80' lang='lat' dir='ltr'><strong>uvrrems.</strong></span> <span class='ocrx_word' id='word_1_92' title='bbox 526 1751 647 1822; x_wconf 79' lang='lat' dir='ltr'>Quidam</span> <span class='ocrx_word' id='word_1_93' title='bbox 677 1754 754 1813; x_wconf 82' lang='lat' dir='ltr'><strong>iuxta</strong></span> <span class='ocrx_word' id='word_1_94' title='bbox 783 1771 882 1832; x_wconf 87' lang='lat' dir='ltr'><strong>reges,</strong></span> <span class='ocrx_word' id='word_1_95' title='bbox 911 1771 1038 1831; x_wconf 86' lang='lat' dir='ltr'><strong>quorum</strong></span> <span class='ocrx_word' id='word_1_96' title='bbox 1066 1755 1164 1815; x_wconf 82' lang='lat' dir='ltr'><strong>tristes</strong></span> <span class='ocrx_word' id='word_1_97' title='bbox 1193 1755 1274 1815; x_wconf 84' lang='lat' dir='ltr'><strong>video</strong></span> <span class='ocrx_word' id='word_1_98' title='bbox 1302 1763 1449 1824; x_wconf 87' lang='lat' dir='ltr'><strong>oratores,</strong></span> <span class='ocrx_word' id='word_1_99' title='bbox 1484 1755 1534 1815; x_wconf 88' lang='lat' dir='ltr'><strong>sed</strong></span> 
     </span>
     <span class='ocr_line' id='line_1_15' title="bbox 257 1854 1533 1935; baseline 0.004 -23"><span class='ocrx_word' id='word_1_100' title='bbox 257 1855 386 1914; x_wconf 81' lang='lat' dir='ltr'><strong>oninium</strong></span> <span class='ocrx_word' id='word_1_101' title='bbox 407 1855 530 1915; x_wconf 79' lang='lat' dir='ltr'><strong>maxime</strong></span> <span class='ocrx_word' id='word_1_102' title='bbox 552 1854 700 1915; x_wconf 84' lang='lat' dir='ltr'><strong>Romanus</strong></span> <span class='ocrx_word' id='word_1_103' title='bbox 722 1855 866 1934; x_wconf 77' lang='lat' dir='ltr'><strong>pontifex,</strong></span> <span class='ocrx_word' id='word_1_104' title='bbox 890 1857 973 1916; x_wconf 89' lang='lat' dir='ltr'><strong>cuius</strong></span> <span class='ocrx_word' id='word_1_105' title='bbox 995 1854 1106 1933; x_wconf 80' lang='lat' dir='ltr'><strong>legatus</strong></span> <span class='ocrx_word' id='word_1_106' title='bbox 1128 1873 1231 1935; x_wconf 88' lang='lat' dir='ltr'><strong>parum</strong></span> <span class='ocrx_word' id='word_1_107' title='bbox 1254 1856 1336 1917; x_wconf 89' lang='lat' dir='ltr'><strong>abest</strong></span> <span class='ocrx_word' id='word_1_108' title='bbox 1358 1865 1390 1916; x_wconf 89' lang='lat' dir='ltr'><strong>ut</strong></span> <span class='ocrx_word' id='word_1_109' title='bbox 1413 1875 1533 1935; x_wconf 87' lang='lat' dir='ltr'><strong>suspen·</strong></span> 
     </span>
     <span class='ocr_line' id='line_1_16' title="bbox 257 1956 1568 2016; baseline 0 0"><span class='ocrx_word' id='word_1_110' title='bbox 257 1956 305 2016; x_wconf 91' lang='lat' dir='ltr'><strong>dat</strong></span> <span class='ocrx_word' id='word_1_111' title='bbox 326 1974 366 2016; x_wconf 81' lang='lat' dir='ltr'><strong>se.</strong></span> <span class='ocrx_word' id='word_1_112' title='bbox 1545 1965 1568 2003; x_wconf 76' lang='lat'><strong>¹⁵</strong></span> 
     </span>
     <span class='ocr_line' id='line_1_17' title="bbox 188 2058 1372 2139; baseline 0.003 -23"><span class='ocrx_word' id='word_1_113' title='bbox 188 2065 246 2116; x_wconf 68' lang='lat' dir='ltr'><strong>§.tt</strong></span> <span class='ocrx_word' id='word_1_114' title='bbox 319 2077 469 2119; x_wconf 82' lang='lat' dir='ltr'><strong>ronrvan.</strong></span> <span class='ocrx_word' id='word_1_115' title='bbox 507 2058 684 2120; x_wconf 84' lang='lat' dir='ltr'><strong>Percontare</strong></span> <span class='ocrx_word' id='word_1_116' title='bbox 705 2059 826 2139; x_wconf 79' lang='lat' dir='ltr'><strong>insuper</strong></span> <span class='ocrx_word' id='word_1_117' title='bbox 847 2077 917 2119; x_wconf 93' lang='lat' dir='ltr'><strong>num</strong></span> <span class='ocrx_word' id='word_1_118' title='bbox 939 2060 1008 2139; x_wconf 88' lang='lat' dir='ltr'><strong>qnid</strong></span> <span class='ocrx_word' id='word_1_119' title='bbox 1031 2060 1097 2119; x_wconf 84' lang='lat' dir='ltr'><strong>urnii</strong></span> <span class='ocrx_word' id='word_1_120' title='bbox 1120 2061 1204 2120; x_wconf 86' lang='lat' dir='ltr'><strong>etiam</strong></span> <span class='ocrx_word' id='word_1_121' title='bbox 1228 2059 1372 2120; x_wconf 77' lang='lat' dir='ltr'><strong>ceciderit.</strong></span> 
     </span>
     <span class='ocr_line' id='line_1_18' title="bbox 318 2157 1605 2241; baseline 0.002 -22"><span class='ocrx_word' id='word_1_122' title='bbox 318 2180 487 2220; x_wconf 81' lang='lat' dir='ltr'><strong>nrrrnnrs.</strong></span> <span class='ocrx_word' id='word_1_123' title='bbox 526 2160 668 2220; x_wconf 83' lang='lat' dir='ltr'><strong>Cecidisse</strong></span> <span class='ocrx_word' id='word_1_124' title='bbox 691 2161 788 2221; x_wconf 85' lang='lat' dir='ltr'><strong>ierunt</strong></span> <span class='ocrx_word' id='word_1_125' title='bbox 810 2163 839 2221; x_wconf 91' lang='lat' dir='ltr'><strong>iu</strong></span> <span class='ocrx_word' id='word_1_126' title='bbox 861 2161 1002 2228; x_wconf 77' lang='lat' dir='ltr'><strong>Africam,</strong></span> <span class='ocrx_word' id='word_1_127' title='bbox 1025 2167 1110 2241; x_wconf 88' lang='lat' dir='ltr'><strong>atque</strong></span> <span class='ocrx_word' id='word_1_128' title='bbox 1126 2160 1164 2221; x_wconf 90' lang='lat' dir='ltr'><strong>ibi</strong></span> <span class='ocrx_word' id='word_1_129' title='bbox 1180 2161 1303 2239; x_wconf 88' lang='lat' dir='ltr'><strong>quadam</strong></span> <span class='ocrx_word' id='word_1_130' title='bbox 1320 2161 1437 2221; x_wconf 76' lang='lat' dir='ltr'><strong>affectos</strong></span> <span class='ocrx_word' id='word_1_131' title='bbox 1453 2157 1534 2223; x_wconf 84' lang='lat' dir='ltr'><strong>clade</strong></span> <span class='ocrx_word' id='word_1_132' title='bbox 1597 2189 1605 2203; x_wconf 92' lang='lat'>·</span> 
     </span>
     <span class='ocr_line' id='line_1_19' title="bbox 255 2259 1534 2342; baseline 0.002 -22"><span class='ocrx_word' id='word_1_133' title='bbox 255 2259 396 2321; x_wconf 74' lang='lat' dir='ltr'><strong>barbaros</strong></span> <span class='ocrx_word' id='word_1_134' title='bbox 423 2263 542 2338; x_wconf 84' lang='lat' dir='ltr'><strong>insigni,</strong></span> <span class='ocrx_word' id='word_1_135' title='bbox 572 2263 677 2329; x_wconf 84' lang='lat' dir='ltr'><strong>atroci,</strong></span> <span class='ocrx_word' id='word_1_136' title='bbox 706 2263 785 2322; x_wconf 86' lang='lat' dir='ltr'><strong>aiunt</strong></span> <span class='ocrx_word' id='word_1_137' title='bbox 812 2263 940 2324; x_wconf 87' lang='lat' dir='ltr'><strong>eiusdem</strong></span> <span class='ocrx_word' id='word_1_138' title='bbox 970 2262 1064 2324; x_wconf 83' lang='lat' dir='ltr'><strong>Caroli</strong></span> <span class='ocrx_word' id='word_1_139' title='bbox 1092 2263 1235 2342; x_wconf 88' lang='lat' dir='ltr'><strong>auspiciis.</strong></span> <span class='ocrx_word' id='word_1_140' title='bbox 1280 2264 1304 2324; x_wconf 88' lang='grc'>0</span> <span class='ocrx_word' id='word_1_141' title='bbox 1333 2264 1441 2341; x_wconf 86' lang='lat' dir='ltr'><strong>optima</strong></span> <span class='ocrx_word' id='word_1_142' title='bbox 1469 2265 1534 2323; x_wconf 81' lang='lat' dir='ltr'><strong>nori</strong></span> 
     </span>
     <span class='ocr_line' id='line_1_20' title="bbox 255 2363 1533 2444; baseline 0.001 -21"><span class='ocrx_word' id='word_1_143' title='bbox 255 2364 438 2440; x_wconf 75' lang='lat' dir='ltr'><strong>imperatoris</strong></span> <span class='ocrx_word' id='word_1_144' title='bbox 462 2365 553 2431; x_wconf 85' lang='lat' dir='ltr'><strong>initia,</strong></span> <span class='ocrx_word' id='word_1_145' title='bbox 582 2383 599 2422; x_wconf 95' lang='lat' dir='ltr'><strong>o</strong></span> <span class='ocrx_word' id='word_1_146' title='bbox 623 2381 704 2442; x_wconf 89' lang='lat' dir='ltr'><strong>spem</strong></span> <span class='ocrx_word' id='word_1_147' title='bbox 728 2363 792 2424; x_wconf 88' lang='lat' dir='ltr'><strong>orbi</strong></span> <span class='ocrx_word' id='word_1_148' title='bbox 815 2364 972 2428; x_wconf 83' lang='lat' dir='ltr'><strong>christiano</strong></span> <span class='ocrx_word' id='word_1_149' title='bbox 995 2366 1142 2425; x_wconf 77' lang='lat' dir='ltr'><strong>criminin!</strong></span> <span class='ocrx_word' id='word_1_150' title='bbox 1173 2365 1235 2425; x_wconf 87' lang='lat' dir='ltr'><strong>Non</strong></span> <span class='ocrx_word' id='word_1_151' title='bbox 1259 2367 1313 2425; x_wconf 90' lang='lat' dir='ltr'><strong>iam</strong></span> <span class='ocrx_word' id='word_1_152' title='bbox 1337 2364 1441 2444; x_wconf 85' lang='lat' dir='ltr'><strong>aliquid</strong></span> <span class='ocrx_word' id='word_1_153' title='bbox 1465 2363 1533 2425; x_wconf 91' lang='lat' dir='ltr'><strong>boni</strong></span> 
     </span>
     <span class='ocr_line' id='line_1_21' title="bbox 254 2461 1569 2525; baseline -0.001 -1"><span class='ocrx_word' id='word_1_154' title='bbox 254 2463 336 2524; x_wconf 88' lang='lat' dir='ltr'><strong>dahis</strong></span> <span class='ocrx_word' id='word_1_155' title='bbox 358 2466 442 2525; x_wconf 85' lang='lat' dir='ltr'><strong>etism</strong></span> <span class='ocrx_word' id='word_1_156' title='bbox 464 2464 552 2524; x_wconf 72' lang='lat' dir='ltr'><strong>nilo?</strong></span> <span class='ocrx_word' id='word_1_157' title='bbox 1032 2469 1034 2472; x_wconf 79' lang='grc'><strong>’</strong></span> <span class='ocrx_word' id='word_1_158' title='bbox 1542 2461 1569 2501; x_wconf 84' lang='lat'><strong>²⁰</strong></span> 
     </span>
     <span class='ocr_line' id='line_1_22' title="bbox 319 2555 1327 2628; baseline 0 -2"><span class='ocrx_word' id='word_1_159' title='bbox 319 2587 468 2627; x_wconf 79' lang='lat' dir='ltr'><strong>ronrvss.</strong></span> <span class='ocrx_word' id='word_1_160' title='bbox 507 2566 627 2626; x_wconf 75' lang='lat' dir='ltr'><strong>Carolus</strong></span> <span class='ocrx_word' id='word_1_161' title='bbox 650 2567 737 2628; x_wconf 86' lang='lat' dir='ltr'><strong>dabit.</strong></span> <span class='ocrx_word' id='word_1_162' title='bbox 1325 2555 1327 2559; x_wconf 42' lang='lat'><em>⁷</em></span> 
     </span>
     <span class='ocr_line' id='line_1_23' title="bbox 314 2667 1532 2750; baseline 0.002 -22"><span class='ocrx_word' id='word_1_163' title='bbox 314 2688 486 2729; x_wconf 82' lang='lat' dir='ltr'><strong>nvrrnnvs.</strong></span> <span class='ocrx_word' id='word_1_164' title='bbox 523 2667 632 2729; x_wconf 88' lang='lat' dir='ltr'><strong>lterum</strong></span> <span class='ocrx_word' id='word_1_165' title='bbox 662 2688 760 2748; x_wconf 87' lang='lat' dir='ltr'><strong>spem,</strong></span> <span class='ocrx_word' id='word_1_166' title='bbox 792 2672 896 2731; x_wconf 91' lang='lat' dir='ltr'><strong>iterum</strong></span> <span class='ocrx_word' id='word_1_167' title='bbox 929 2670 1041 2731; x_wconf 79' lang='lat' dir='ltr'><strong>furores</strong></span> <span class='ocrx_word' id='word_1_168' title='bbox 1068 2672 1232 2750; x_wconf 83' lang='lat' dir='ltr'><strong>principum</strong></span> <span class='ocrx_word' id='word_1_169' title='bbox 1256 2672 1358 2731; x_wconf 86' lang='lat' dir='ltr'><strong>obiieis</strong></span> <span class='ocrx_word' id='word_1_170' title='bbox 1380 2671 1467 2732; x_wconf 87' lang='lat' dir='ltr'><strong>nribi:</strong></span> <span class='ocrx_word' id='word_1_171' title='bbox 1497 2672 1532 2731; x_wconf 88' lang='lat' dir='ltr'><strong>da</strong></span> 
     </span>
     <span class='ocr_line' id='line_1_24' title="bbox 256 2767 1317 2850; baseline 0.004 -22"><span class='ocrx_word' id='word_1_172' title='bbox 256 2767 363 2847; x_wconf 80' lang='lat' dir='ltr'><strong>aliquid</strong></span> <span class='ocrx_word' id='word_1_173' title='bbox 385 2777 432 2837; x_wconf 87' lang='lat' dir='ltr'><strong>tu;</strong></span> <span class='ocrx_word' id='word_1_174' title='bbox 456 2770 549 2848; x_wconf 84' lang='lat' dir='ltr'><strong>siquid</strong></span> <span class='ocrx_word' id='word_1_175' title='bbox 571 2768 619 2830; x_wconf 89' lang='lat' dir='ltr'><strong>iile</strong></span> <span class='ocrx_word' id='word_1_176' title='bbox 641 2780 707 2850; x_wconf 86' lang='lat' dir='ltr'><strong>post</strong></span> <span class='ocrx_word' id='word_1_177' title='bbox 728 2772 856 2840; x_wconf 84' lang='lat' dir='ltr'><strong>dederit,</strong></span> <span class='ocrx_word' id='word_1_178' title='bbox 879 2774 974 2850; x_wconf 84' lang='lat' dir='ltr'><strong>ipsum</strong></span> <span class='ocrx_word' id='word_1_179' title='bbox 997 2771 1140 2833; x_wconf 81' lang='lat' dir='ltr'><strong>corollarii</strong></span> <span class='ocrx_word' id='word_1_180' title='bbox 1164 2780 1225 2832; x_wconf 88' lang='lat' dir='ltr'><strong>esto</strong></span> <span class='ocrx_word' id='word_1_181' title='bbox 1248 2775 1317 2834; x_wconf 82' lang='lat' dir='ltr'><strong>rice.</strong></span> 
     </span>
     <span class='ocr_line' id='line_1_25' title="bbox 187 2872 962 2952; baseline 0.003 -20"><span class='ocrx_word' id='word_1_182' title='bbox 187 2880 246 2939; x_wconf 59' lang='grc' dir='ltr'><strong>ΜΒ.</strong></span> <span class='ocrx_word' id='word_1_183' title='bbox 317 2893 467 2933; x_wconf 79' lang='lat' dir='ltr'><strong>noarvun.</strong></span> <span class='ocrx_word' id='word_1_184' title='bbox 506 2872 580 2945; x_wconf 78' lang='lat' dir='ltr'><strong>Ouid</strong></span> <span class='ocrx_word' id='word_1_185' title='bbox 602 2873 728 2952; x_wconf 88' lang='lat' dir='ltr'><strong>primurn</strong></span> <span class='ocrx_word' id='word_1_186' title='bbox 752 2875 792 2934; x_wconf 84' lang='lat' dir='ltr'><strong>ris</strong></span> <span class='ocrx_word' id='word_1_187' title='bbox 814 2874 962 2934; x_wconf 73' lang='lat' dir='ltr'><strong>omnium?</strong></span> 
     </span>
    </p>
   </div>
   <div class='ocr_carea' id='block_1_3' title="bbox 252 3159 1535 4753">
    <p class='ocr_par' dir='ltr' id='par_1_3' title="bbox 252 3159 1535 4753">
     <span class='ocr_line' id='line_1_26' title="bbox 322 3159 1533 3228; baseline 0.004 -20"><span class='ocrx_word' id='word_1_188' title='bbox 322 3159 342 3192; x_wconf 66' lang='grc' dir='ltr'>Η</span> <span class='ocrx_word' id='word_1_189' title='bbox 361 3160 474 3211; x_wconf 80' lang='lat' dir='ltr'><strong>Carolus</strong></span> <span class='ocrx_word' id='word_1_190' title='bbox 491 3161 524 3211; x_wconf 84' lang='lat' dir='ltr'><strong>V.</strong></span> <span class='ocrx_word' id='word_1_191' title='bbox 544 3161 649 3211; x_wconf 89' lang='lat' dir='ltr'><strong>eiectus</strong></span> <span class='ocrx_word' id='word_1_192' title='bbox 673 3167 715 3212; x_wconf 90' lang='lat' dir='ltr'><strong>est</strong></span> <span class='ocrx_word' id='word_1_193' title='bbox 738 3167 854 3212; x_wconf 80' lang='lat' dir='ltr'><strong>exeunte</strong></span> <span class='ocrx_word' id='word_1_194' title='bbox 872 3163 951 3213; x_wconf 91' lang='lat' dir='ltr'><strong>Iunio</strong></span> <span class='ocrx_word' id='word_1_195' title='bbox 970 3180 994 3216; x_wconf 88' lang='lat' dir='ltr'><strong>a.</strong></span> <span class='ocrx_word' id='word_1_196' title='bbox 1011 3162 1083 3212; x_wconf 78' lang='grc'><strong>1519.</strong></span> <span class='ocrx_word' id='word_1_197' title='bbox 1152 3161 1173 3195; x_wconf 81' lang='lat'><strong>¹³</strong></span> <span class='ocrx_word' id='word_1_198' title='bbox 1192 3161 1281 3228; x_wconf 87' lang='lat' dir='ltr'><strong>reges]</strong></span> <span class='ocrx_word' id='word_1_199' title='bbox 1306 3163 1430 3214; x_wconf 86' lang='lat' dir='ltr'><strong>Gallicus</strong></span> <span class='ocrx_word' id='word_1_200' title='bbox 1448 3165 1533 3214; x_wconf 79' lang='lat' dir='ltr'><strong>i&#39;rnn·</strong></span> 
     </span>
     <span class='ocr_line' id='line_1_27' title="bbox 255 3245 1533 3311; baseline 0.002 -16"><span class='ocrx_word' id='word_1_201' title='bbox 255 3246 345 3295; x_wconf 84' lang='lat' dir='ltr'><strong>eisens</strong></span> <span class='ocrx_word' id='word_1_202' title='bbox 364 3245 385 3294; x_wconf 88' lang='lat'><strong>1.</strong></span> <span class='ocrx_word' id='word_1_203' title='bbox 406 3254 433 3294; x_wconf 87' lang='lat' dir='ltr'><strong>et</strong></span> <span class='ocrx_word' id='word_1_204' title='bbox 450 3245 582 3311; x_wconf 80' lang='lat' dir='ltr'><strong>Angiicns</strong></span> <span class='ocrx_word' id='word_1_205' title='bbox 595 3247 731 3296; x_wconf 85' lang='lat' dir='ltr'><strong>Henrieus</strong></span> <span class='ocrx_word' id='word_1_206' title='bbox 751 3247 825 3296; x_wconf 84' lang='lat' dir='ltr'><strong>vrlr.</strong></span> <span class='ocrx_word' id='word_1_207' title='bbox 850 3249 952 3297; x_wconf 81' lang='lat' dir='ltr'><strong>Leonis</strong></span> <span class='ocrx_word' id='word_1_208' title='bbox 965 3249 997 3297; x_wconf 84' lang='lat' dir='ltr'><strong>X.</strong></span> <span class='ocrx_word' id='word_1_209' title='bbox 1018 3248 1120 3297; x_wconf 75' lang='lat' dir='ltr'><strong>frustra</strong></span> <span class='ocrx_word' id='word_1_210' title='bbox 1139 3254 1235 3298; x_wconf 88' lang='lat' dir='ltr'><strong>eontra</strong></span> <span class='ocrx_word' id='word_1_211' title='bbox 1253 3248 1380 3298; x_wconf 84' lang='lat' dir='ltr'><strong>Ceruium</strong></span> <span class='ocrx_word' id='word_1_212' title='bbox 1399 3249 1487 3299; x_wconf 88' lang='lat' dir='ltr'><strong>moliti</strong></span> <span class='ocrx_word' id='word_1_213' title='bbox 1506 3250 1533 3298; x_wconf 91' lang='lat' dir='ltr'><strong>in</strong></span> 
     </span>
     <span class='ocr_line' id='line_1_28' title="bbox 255 3329 1532 3398; baseline 0.002 -18"><span class='ocrx_word' id='word_1_214' title='bbox 255 3330 428 3380; x_wconf 82' lang='lat' dir='ltr'><strong>Germaniam</strong></span> <span class='ocrx_word' id='word_1_215' title='bbox 447 3329 557 3395; x_wconf 87' lang='lat' dir='ltr'><strong>legatus</strong></span> <span class='ocrx_word' id='word_1_216' title='bbox 576 3331 647 3380; x_wconf 91' lang='lat' dir='ltr'><strong>idem</strong></span> <span class='ocrx_word' id='word_1_217' title='bbox 666 3331 712 3380; x_wconf 90' lang='lat' dir='ltr'><strong>iiie</strong></span> <span class='ocrx_word' id='word_1_218' title='bbox 731 3331 850 3384; x_wconf 79' lang='lat' dir='ltr'><strong>Thomas</strong></span> <span class='ocrx_word' id='word_1_219' title='bbox 869 3332 1028 3394; x_wconf 86' lang='lat' dir='ltr'><strong>Caietnnus,</strong></span> <span class='ocrx_word' id='word_1_220' title='bbox 1048 3332 1197 3383; x_wconf 74' lang='lat' dir='ltr'><strong>cardinalis</strong></span> <span class='ocrx_word' id='word_1_221' title='bbox 1216 3331 1242 3381; x_wconf 86' lang='lat' dir='ltr'><strong>S.</strong></span> <span class='ocrx_word' id='word_1_222' title='bbox 1256 3332 1325 3382; x_wconf 82' lang='lat' dir='ltr'><strong>Sixti</strong></span> <span class='ocrx_word' id='word_1_223' title='bbox 1344 3333 1405 3394; x_wconf 82' lang='lat' dir='ltr'><strong>fuir,</strong></span> <span class='ocrx_word' id='word_1_224' title='bbox 1425 3334 1470 3398; x_wconf 90' lang='lat' dir='ltr'><strong>qni</strong></span> <span class='ocrx_word' id='word_1_225' title='bbox 1489 3351 1532 3383; x_wconf 91' lang='lat' dir='ltr'><strong>eo·</strong></span> 
     </span>
     <span class='ocr_line' id='line_1_29' title="bbox 254 3415 1534 3482; baseline 0.002 -17"><span class='ocrx_word' id='word_1_226' title='bbox 254 3416 314 3465; x_wconf 89' lang='lat' dir='ltr'><strong>dem</strong></span> <span class='ocrx_word' id='word_1_227' title='bbox 334 3430 443 3465; x_wconf 87' lang='lat' dir='ltr'><strong>munere</strong></span> <span class='ocrx_word' id='word_1_228' title='bbox 463 3415 517 3464; x_wconf 89' lang='lat' dir='ltr'><strong>iam</strong></span> <span class='ocrx_word' id='word_1_229' title='bbox 536 3415 608 3480; x_wconf 91' lang='lat' dir='ltr'><strong>apud</strong></span> <span class='ocrx_word' id='word_1_230' title='bbox 626 3416 842 3466; x_wconf 86' lang='lat' dir='ltr'><strong>Maximilianum</strong></span> <span class='ocrx_word' id='word_1_231' title='bbox 861 3417 923 3482; x_wconf 89' lang='lat' dir='ltr'><strong>imp.</strong></span> <span class='ocrx_word' id='word_1_232' title='bbox 938 3418 1049 3467; x_wconf 82' lang='lat' dir='ltr'><strong>iunctus</strong></span> <span class='ocrx_word' id='word_1_233' title='bbox 1067 3417 1166 3467; x_wconf 83' lang='lat' dir='ltr'><strong>suerat.</strong></span> <span class='ocrx_word' id='word_1_234' title='bbox 1236 3417 1286 3451; x_wconf 60' lang='grc' dir='ltr'><strong>’ΜΒ</strong></span> <span class='ocrx_word' id='word_1_235' title='bbox 1305 3418 1382 3467; x_wconf 89' lang='lat' dir='ltr'><strong>eiade</strong></span> <span class='ocrx_word' id='word_1_236' title='bbox 1401 3418 1534 3467; x_wconf 86' lang='lat' dir='ltr'><strong>barbaros</strong></span> 
     </span>
     <span class='ocr_line' id='line_1_30' title="bbox 255 3499 1532 3568; baseline -0.003 -14"><span class='ocrx_word' id='word_1_237' title='bbox 255 3499 296 3566; x_wconf 73' lang='lat' dir='ltr'><strong>ecl</strong></span> <span class='ocrx_word' id='word_1_238' title='bbox 316 3502 370 3551; x_wconf 80' lang='lat' dir='ltr'><strong>Res</strong></span> <span class='ocrx_word' id='word_1_239' title='bbox 389 3502 429 3550; x_wconf 83' lang='lat' dir='ltr'><strong>its</strong></span> <span class='ocrx_word' id='word_1_240' title='bbox 451 3504 578 3549; x_wconf 90' lang='lat' dir='ltr'><strong>narratur</strong></span> <span class='ocrx_word' id='word_1_241' title='bbox 600 3500 629 3549; x_wconf 93' lang='lat' dir='ltr'><strong>in</strong></span> <span class='ocrx_word' id='word_1_242' title='bbox 652 3499 774 3564; x_wconf 66' lang='lat' dir='ltr'><strong>Uirdratbi</strong></span> <span class='ocrx_word' id='word_1_243' title='bbox 800 3499 953 3568; x_wconf 59' lang='lat' dir='ltr'><strong>burthriiini</strong></span> <span class='ocrx_word' id='word_1_244' title='bbox 976 3501 1029 3551; x_wconf 88' lang='lat' dir='ltr'><strong>uiri</strong></span> <span class='ocrx_word' id='word_1_245' title='bbox 1052 3502 1229 3552; x_wconf 88' lang='lat' dir='ltr'><strong>eruditissimi</strong></span> <span class='ocrx_word' id='word_1_246' title='bbox 1252 3502 1285 3552; x_wconf 92' lang='lat' dir='ltr'><strong>de</strong></span> <span class='ocrx_word' id='word_1_247' title='bbox 1311 3508 1444 3552; x_wconf 86' lang='lat' dir='ltr'><strong>conuentu</strong></span> <span class='ocrx_word' id='word_1_248' title='bbox 1460 3499 1465 3568; x_wconf 82' lang='grc' dir='ltr'>Ι</span> <span class='ocrx_word' id='word_1_249' title='bbox 1480 3503 1532 3551; x_wconf 78' lang='lat' dir='ltr'><strong>Au-</strong></span> 
     </span>
     <span class='ocr_line' id='line_1_31' title="bbox 255 3581 1532 3652; baseline -0.001 -16"><span class='ocrx_word' id='word_1_250' title='bbox 255 3583 350 3652; x_wconf 81' lang='lat' dir='ltr'><strong>gusteri</strong></span> <span class='ocrx_word' id='word_1_251' title='bbox 375 3587 510 3637; x_wconf 86' lang='lat' dir='ltr'><strong>concinna</strong></span> <span class='ocrx_word' id='word_1_252' title='bbox 533 3582 726 3650; x_wconf 72' lang='lat' dir='ltr'><strong>descriptioine</strong></span> <span class='ocrx_word' id='word_1_253' title='bbox 745 3601 775 3638; x_wconf 76' lang='lat' dir='ltr'><strong>rt.</strong></span> <span class='ocrx_word' id='word_1_254' title='bbox 793 3581 797 3651; x_wconf 94' lang='grc' dir='ltr'>Ι</span> <span class='ocrx_word' id='word_1_255' title='bbox 813 3600 955 3638; x_wconf 72' lang='lat' dir='ltr'><strong>neumis.</strong></span> <span class='ocrx_word' id='word_1_256' title='bbox 971 3586 975 3647; x_wconf 90' lang='grc' dir='ltr'>Ι</span> <span class='ocrx_word' id='word_1_257' title='bbox 991 3587 1026 3636; x_wconf 71' lang='lat'><strong>4⁰.</strong></span> <span class='ocrx_word' id='word_1_258' title='bbox 1051 3603 1077 3652; x_wconf 88' lang='lat' dir='ltr'><strong>p.</strong></span> <span class='ocrx_word' id='word_1_259' title='bbox 1092 3587 1161 3651; x_wconf 80' lang='lat' dir='ltr'><strong>niij:</strong></span> <span class='ocrx_word' id='word_1_260' title='bbox 1186 3588 1293 3647; x_wconf 74' lang='lat' dir='ltr'><strong>„Fame</strong></span> <span class='ocrx_word' id='word_1_261' title='bbox 1321 3587 1416 3637; x_wconf 89' lang='lat' dir='ltr'><strong>attulit</strong></span> <span class='ocrx_word' id='word_1_262' title='bbox 1432 3589 1532 3652; x_wconf 84' lang='lat' dir='ltr'><strong>Hispo·</strong></span> 
     </span>
     <span class='ocr_line' id='line_1_32' title="bbox 254 3670 1535 3737; baseline -0.002 -14"><span class='ocrx_word' id='word_1_263' title='bbox 254 3688 346 3723; x_wconf 87' lang='lat' dir='ltr'><strong>norum</strong></span> <span class='ocrx_word' id='word_1_264' title='bbox 366 3673 474 3737; x_wconf 84' lang='lat' dir='ltr'><strong>copies,</strong></span> <span class='ocrx_word' id='word_1_265' title='bbox 493 3685 553 3735; x_wconf 79' lang='lat' dir='ltr'><strong>quse</strong></span> <span class='ocrx_word' id='word_1_266' title='bbox 573 3671 599 3719; x_wconf 92' lang='lat' dir='ltr'><strong>in</strong></span> <span class='ocrx_word' id='word_1_267' title='bbox 618 3670 764 3735; x_wconf 79' lang='lat' dir='ltr'><strong>Apbrieam</strong></span> <span class='ocrx_word' id='word_1_268' title='bbox 783 3676 879 3720; x_wconf 89' lang='lat' dir='ltr'><strong>eontra</strong></span> <span class='ocrx_word' id='word_1_269' title='bbox 896 3671 1087 3721; x_wconf 77' lang='lat' dir='ltr'><strong>Aenobarbum</strong></span> <span class='ocrx_word' id='word_1_270' title='bbox 1106 3673 1288 3733; x_wconf 83' lang='lat' dir='ltr'><strong>traiecerant,</strong></span> <span class='ocrx_word' id='word_1_271' title='bbox 1308 3672 1413 3722; x_wconf 86' lang='lat' dir='ltr'><strong>levibus</strong></span> <span class='ocrx_word' id='word_1_272' title='bbox 1431 3672 1535 3737; x_wconf 86' lang='lat' dir='ltr'><strong>praeliis</strong></span> 
     </span>
     <span class='ocr_line' id='line_1_33' title="bbox 255 3754 1532 3822; baseline -0.002 -15"><span class='ocrx_word' id='word_1_273' title='bbox 255 3773 313 3807; x_wconf 91' lang='lat' dir='ltr'><strong>eum</strong></span> <span class='ocrx_word' id='word_1_274' title='bbox 333 3773 365 3806; x_wconf 92' lang='lat' dir='ltr'><strong>eo</strong></span> <span class='ocrx_word' id='word_1_275' title='bbox 385 3756 533 3806; x_wconf 89' lang='lat' dir='ltr'><strong>commissis</strong></span> <span class='ocrx_word' id='word_1_276' title='bbox 552 3757 593 3805; x_wconf 85' lang='lat' dir='ltr'><strong>ita</strong></span> <span class='ocrx_word' id='word_1_277' title='bbox 611 3755 743 3819; x_wconf 82' lang='lat' dir='ltr'><strong>paulatim</strong></span> <span class='ocrx_word' id='word_1_278' title='bbox 762 3754 836 3805; x_wconf 86' lang='lat' dir='ltr'><strong>iilius</strong></span> <span class='ocrx_word' id='word_1_279' title='bbox 854 3756 928 3804; x_wconf 84' lang='lat' dir='ltr'><strong>vires</strong></span> <span class='ocrx_word' id='word_1_280' title='bbox 946 3757 1076 3821; x_wconf 78' lang='lat' dir='ltr'><strong>fregisse,</strong></span> <span class='ocrx_word' id='word_1_281' title='bbox 1101 3763 1132 3806; x_wconf 88' lang='lat' dir='ltr'><strong>ut</strong></span> <span class='ocrx_word' id='word_1_282' title='bbox 1149 3757 1237 3822; x_wconf 90' lang='lat' dir='ltr'><strong>ipsum</strong></span> <span class='ocrx_word' id='word_1_283' title='bbox 1256 3773 1315 3806; x_wconf 90' lang='lat' dir='ltr'><strong>cnm</strong></span> <span class='ocrx_word' id='word_1_284' title='bbox 1335 3757 1419 3806; x_wconf 84' lang='lat' dir='ltr'><strong>fratre</strong></span> <span class='ocrx_word' id='word_1_285' title='bbox 1440 3773 1473 3806; x_wconf 90' lang='lat' dir='ltr'><strong>ac</strong></span> <span class='ocrx_word' id='word_1_286' title='bbox 1491 3773 1532 3806; x_wconf 89' lang='lat' dir='ltr'><strong>re·</strong></span> 
     </span>
     <span class='ocr_line' id='line_1_34' title="bbox 253 3840 1532 3907; baseline 0 -16"><span class='ocrx_word' id='word_1_287' title='bbox 253 3842 345 3907; x_wconf 86' lang='lat' dir='ltr'><strong>liquiis</strong></span> <span class='ocrx_word' id='word_1_288' title='bbox 364 3842 503 3907; x_wconf 86' lang='lat' dir='ltr'><strong>copiarum</strong></span> <span class='ocrx_word' id='word_1_289' title='bbox 521 3846 601 3905; x_wconf 82' lang='lat' dir='ltr'><strong>terga</strong></span> <span class='ocrx_word' id='word_1_290' title='bbox 619 3844 726 3889; x_wconf 88' lang='lat' dir='ltr'><strong>vertere</strong></span> <span class='ocrx_word' id='word_1_291' title='bbox 745 3840 892 3905; x_wconf 80' lang='lat' dir='ltr'><strong>coegerint.</strong></span> <span class='ocrx_word' id='word_1_292' title='bbox 929 3840 956 3890; x_wconf 86' lang='lat' dir='ltr'><strong>Is</strong></span> <span class='ocrx_word' id='word_1_293' title='bbox 975 3856 1034 3890; x_wconf 92' lang='lat' dir='ltr'><strong>cum</strong></span> <span class='ocrx_word' id='word_1_294' title='bbox 1054 3842 1126 3891; x_wconf 82' lang='lat' dir='ltr'><strong>intra</strong></span> <span class='ocrx_word' id='word_1_295' title='bbox 1138 3842 1238 3891; x_wconf 88' lang='lat' dir='ltr'><strong>moenia</strong></span> <span class='ocrx_word' id='word_1_296' title='bbox 1250 3842 1485 3891; x_wconf 71' lang='lat' dir='ltr'><strong>&#39;l&#39;remezeniorum</strong></span> <span class='ocrx_word' id='word_1_297' title='bbox 1503 3857 1532 3891; x_wconf 90' lang='lat' dir='ltr'><strong>se</strong></span> 
     </span>
     <span class='ocr_line' id='line_1_35' title="bbox 254 3924 1532 3992; baseline -0.001 -16"><span class='ocrx_word' id='word_1_298' title='bbox 254 3928 418 3992; x_wconf 81' lang='lat' dir='ltr'><strong>recepisset,</strong></span> <span class='ocrx_word' id='word_1_299' title='bbox 438 3927 484 3976; x_wconf 89' lang='lat' dir='ltr'><strong>diu</strong></span> <span class='ocrx_word' id='word_1_300' title='bbox 498 3931 526 3975; x_wconf 90' lang='lat' dir='ltr'><strong>et</strong></span> <span class='ocrx_word' id='word_1_301' title='bbox 538 3925 641 3974; x_wconf 87' lang='lat' dir='ltr'><strong>aeriter</strong></span> <span class='ocrx_word' id='word_1_302' title='bbox 659 3939 675 3973; x_wconf 90' lang='lat' dir='ltr'><strong>a</strong></span> <span class='ocrx_word' id='word_1_303' title='bbox 693 3924 794 3973; x_wconf 90' lang='lat' dir='ltr'><strong>nostris</strong></span> <span class='ocrx_word' id='word_1_304' title='bbox 812 3924 944 3974; x_wconf 83' lang='lat' dir='ltr'><strong>militibus</strong></span> <span class='ocrx_word' id='word_1_305' title='bbox 962 3925 1089 3976; x_wconf 86' lang='lat' dir='ltr'><strong>obsessus</strong></span> <span class='ocrx_word' id='word_1_306' title='bbox 1108 3931 1159 3979; x_wconf 85' lang='lat' dir='ltr'><strong>est.</strong></span> <span class='ocrx_word' id='word_1_307' title='bbox 1195 3928 1239 3990; x_wconf 88' lang='lat' dir='ltr'><strong>qni</strong></span> <span class='ocrx_word' id='word_1_308' title='bbox 1259 3941 1319 3975; x_wconf 88' lang='lat' dir='ltr'><strong>eum</strong></span> <span class='ocrx_word' id='word_1_309' title='bbox 1336 3925 1444 3991; x_wconf 81' lang='lat' dir='ltr'><strong>longius</strong></span> <span class='ocrx_word' id='word_1_310' title='bbox 1462 3926 1532 3975; x_wconf 90' lang='lat' dir='ltr'><strong>obsi·</strong></span> 
     </span>
     <span class='ocr_line' id='line_1_36' title="bbox 253 4009 1532 4075; baseline 0 -15"><span class='ocrx_word' id='word_1_311' title='bbox 253 4012 360 4063; x_wconf 87' lang='lat' dir='ltr'><strong>dionem</strong></span> <span class='ocrx_word' id='word_1_312' title='bbox 380 4012 452 4061; x_wconf 81' lang='lat' dir='ltr'><strong>serre</strong></span> <span class='ocrx_word' id='word_1_313' title='bbox 471 4027 525 4060; x_wconf 89' lang='lat' dir='ltr'><strong>non</strong></span> <span class='ocrx_word' id='word_1_314' title='bbox 543 4015 650 4075; x_wconf 78' lang='lat' dir='ltr'><strong>posset,</strong></span> <span class='ocrx_word' id='word_1_315' title='bbox 675 4009 734 4074; x_wconf 87' lang='lat' dir='ltr'><strong>ipse</strong></span> <span class='ocrx_word' id='word_1_316' title='bbox 753 4024 808 4059; x_wconf 85' lang='lat' dir='ltr'><strong>una</strong></span> <span class='ocrx_word' id='word_1_317' title='bbox 827 4010 992 4059; x_wconf 79' lang='lat' dir='ltr'><strong>cumfratre</strong></span> <span class='ocrx_word' id='word_1_318' title='bbox 1012 4025 1045 4060; x_wconf 87' lang='lat' dir='ltr'><strong>ac</strong></span> <span class='ocrx_word' id='word_1_319' title='bbox 1064 4010 1160 4060; x_wconf 87' lang='lat' dir='ltr'><strong>robore</strong></span> <span class='ocrx_word' id='word_1_320' title='bbox 1179 4009 1294 4060; x_wconf 85' lang='lat' dir='ltr'><strong>militnm</strong></span> <span class='ocrx_word' id='word_1_321' title='bbox 1314 4025 1380 4074; x_wconf 87' lang='lat' dir='ltr'><strong>quos</strong></span> <span class='ocrx_word' id='word_1_322' title='bbox 1399 4011 1471 4060; x_wconf 84' lang='lat' dir='ltr'><strong>intre</strong></span> <span class='ocrx_word' id='word_1_323' title='bbox 1490 4027 1532 4060; x_wconf 90' lang='lat' dir='ltr'><strong>ar-</strong></span> 
     </span>
     <span class='ocr_line' id='line_1_37' title="bbox 255 4093 1532 4162; baseline -0.001 -16"><span class='ocrx_word' id='word_1_324' title='bbox 255 4114 313 4146; x_wconf 87' lang='lat' dir='ltr'><strong>cem</strong></span> <span class='ocrx_word' id='word_1_325' title='bbox 332 4101 490 4160; x_wconf 86' lang='lat' dir='ltr'><strong>receperat,</strong></span> <span class='ocrx_word' id='word_1_326' title='bbox 514 4111 564 4159; x_wconf 91' lang='lat' dir='ltr'><strong>per</strong></span> <span class='ocrx_word' id='word_1_327' title='bbox 586 4095 720 4158; x_wconf 87' lang='lat' dir='ltr'><strong>posticam</strong></span> <span class='ocrx_word' id='word_1_328' title='bbox 744 4101 849 4159; x_wconf 83' lang='lat' dir='ltr'><strong>portam</strong></span> <span class='ocrx_word' id='word_1_329' title='bbox 873 4093 945 4144; x_wconf 85' lang='lat' dir='ltr'><strong>clam</strong></span> <span class='ocrx_word' id='word_1_330' title='bbox 968 4111 1094 4162; x_wconf 86' lang='lat' dir='ltr'><strong>egressus</strong></span> <span class='ocrx_word' id='word_1_331' title='bbox 1117 4096 1232 4147; x_wconf 88' lang='lat' dir='ltr'><strong>salutern</strong></span> <span class='ocrx_word' id='word_1_332' title='bbox 1256 4095 1310 4144; x_wconf 90' lang='lat' dir='ltr'><strong>sibi</strong></span> <span class='ocrx_word' id='word_1_333' title='bbox 1333 4096 1401 4159; x_wconf 83' lang='lat' dir='ltr'><strong>fugs</strong></span> <span class='ocrx_word' id='word_1_334' title='bbox 1424 4112 1532 4160; x_wconf 85' lang='lat' dir='ltr'><strong>compe·</strong></span> 
     </span>
     <span class='ocr_line' id='line_1_38' title="bbox 254 4179 1532 4246; baseline -0.001 -15"><span class='ocrx_word' id='word_1_335' title='bbox 254 4197 329 4231; x_wconf 85' lang='lat' dir='ltr'><strong>resse</strong></span> <span class='ocrx_word' id='word_1_336' title='bbox 354 4181 504 4230; x_wconf 87' lang='lat' dir='ltr'><strong>arbitratus</strong></span> <span class='ocrx_word' id='word_1_337' title='bbox 524 4184 573 4228; x_wconf 86' lang='lat' dir='ltr'><strong>est.</strong></span> <span class='ocrx_word' id='word_1_338' title='bbox 609 4179 726 4244; x_wconf 85' lang='lat' dir='ltr'><strong>Hispani</strong></span> <span class='ocrx_word' id='word_1_339' title='bbox 750 4195 815 4229; x_wconf 87' lang='lat' dir='ltr'><strong>vero</strong></span> <span class='ocrx_word' id='word_1_340' title='bbox 839 4180 974 4246; x_wconf 72' lang='lat' dir='ltr'><strong>evestigio</strong></span> <span class='ocrx_word' id='word_1_341' title='bbox 993 4196 1084 4231; x_wconf 88' lang='lat' dir='ltr'><strong>arcem</strong></span> <span class='ocrx_word' id='word_1_342' title='bbox 1104 4181 1227 4246; x_wconf 78' lang='lat' dir='ltr'><strong>aggressi</strong></span> <span class='ocrx_word' id='word_1_343' title='bbox 1246 4180 1274 4229; x_wconf 84' lang='lat' dir='ltr'><strong>ri</strong></span> <span class='ocrx_word' id='word_1_344' title='bbox 1292 4186 1436 4246; x_wconf 83' lang='lat' dir='ltr'><strong>ceperunt,</strong></span> <span class='ocrx_word' id='word_1_345' title='bbox 1462 4196 1532 4230; x_wconf 86' lang='lat' dir='ltr'><strong>eom·</strong></span> 
     </span>
     <span class='ocr_line' id='line_1_39' title="bbox 254 4263 1532 4331; baseline 0.001 -17"><span class='ocrx_word' id='word_1_346' title='bbox 254 4265 413 4329; x_wconf 88' lang='lat' dir='ltr'><strong>modumque</strong></span> <span class='ocrx_word' id='word_1_347' title='bbox 431 4265 464 4313; x_wconf 91' lang='lat' dir='ltr'><strong>de</strong></span> <span class='ocrx_word' id='word_1_348' title='bbox 484 4264 543 4312; x_wconf 89' lang='lat' dir='ltr'><strong>eius</strong></span> <span class='ocrx_word' id='word_1_349' title='bbox 561 4263 627 4328; x_wconf 83' lang='lat' dir='ltr'><strong>suga</strong></span> <span class='ocrx_word' id='word_1_350' title='bbox 646 4264 777 4315; x_wconf 88' lang='lat' dir='ltr'><strong>certiores</strong></span> <span class='ocrx_word' id='word_1_351' title='bbox 795 4264 864 4314; x_wconf 82' lang='lat' dir='ltr'><strong>faeti</strong></span> <span class='ocrx_word' id='word_1_352' title='bbox 883 4280 944 4314; x_wconf 89' lang='lat' dir='ltr'><strong>eum</strong></span> <span class='ocrx_word' id='word_1_353' title='bbox 961 4265 1054 4315; x_wconf 85' lang='lat' dir='ltr'><strong>valido</strong></span> <span class='ocrx_word' id='word_1_354' title='bbox 1073 4267 1198 4330; x_wconf 84' lang='lat' dir='ltr'><strong>equitatu</strong></span> <span class='ocrx_word' id='word_1_355' title='bbox 1216 4265 1354 4331; x_wconf 87' lang='lat' dir='ltr'><strong>prosecuti</strong></span> <span class='ocrx_word' id='word_1_356' title='bbox 1367 4271 1438 4314; x_wconf 90' lang='lat' dir='ltr'><strong>sunt.</strong></span> <span class='ocrx_word' id='word_1_357' title='bbox 1473 4264 1532 4315; x_wconf 81' lang='lat' dir='ltr'><strong>Cra·</strong></span> 
     </span>
     <span class='ocr_line' id='line_1_40' title="bbox 253 4348 1533 4414; baseline 0 -16"><span class='ocrx_word' id='word_1_358' title='bbox 253 4355 341 4399; x_wconf 88' lang='lat' dir='ltr'><strong>terum</strong></span> <span class='ocrx_word' id='word_1_359' title='bbox 358 4348 536 4399; x_wconf 80' lang='lat' dir='ltr'><strong>Aenobarbns</strong></span> <span class='ocrx_word' id='word_1_360' title='bbox 554 4350 583 4397; x_wconf 93' lang='lat' dir='ltr'><strong>in</strong></span> <span class='ocrx_word' id='word_1_361' title='bbox 601 4350 719 4399; x_wconf 87' lang='lat' dir='ltr'><strong>transitu</strong></span> <span class='ocrx_word' id='word_1_362' title='bbox 737 4349 856 4399; x_wconf 87' lang='lat' dir='ltr'><strong>fluminis</strong></span> <span class='ocrx_word' id='word_1_363' title='bbox 874 4351 1129 4414; x_wconf 85' lang='lat' dir='ltr'><strong>supervenientibus</strong></span> <span class='ocrx_word' id='word_1_364' title='bbox 1153 4364 1214 4400; x_wconf 88' lang='lat' dir='ltr'><strong>cum</strong></span> <span class='ocrx_word' id='word_1_365' title='bbox 1237 4349 1310 4399; x_wconf 88' lang='lat' dir='ltr'><strong>haud</strong></span> <span class='ocrx_word' id='word_1_366' title='bbox 1333 4354 1392 4399; x_wconf 89' lang='lat' dir='ltr'><strong>tuto</strong></span> <span class='ocrx_word' id='word_1_367' title='bbox 1412 4350 1533 4414; x_wconf 79' lang='lat' dir='ltr'><strong>effugere</strong></span> 
     </span>
     <span class='ocr_line' id='line_1_41' title="bbox 252 4434 1532 4499; baseline 0 -16"><span class='ocrx_word' id='word_1_368' title='bbox 252 4438 358 4497; x_wconf 79' lang='lat' dir='ltr'><strong>posset,</strong></span> <span class='ocrx_word' id='word_1_369' title='bbox 379 4448 486 4482; x_wconf 77' lang='lat' dir='ltr'><strong>mancam</strong></span> <span class='ocrx_word' id='word_1_370' title='bbox 505 4434 655 4483; x_wconf 83' lang='lat' dir='ltr'><strong>conseruit:</strong></span> <span class='ocrx_word' id='word_1_371' title='bbox 674 4440 824 4499; x_wconf 87' lang='lat' dir='ltr'><strong>pugnatum</strong></span> <span class='ocrx_word' id='word_1_372' title='bbox 843 4441 886 4484; x_wconf 88' lang='lat' dir='ltr'><strong>est</strong></span> <span class='ocrx_word' id='word_1_373' title='bbox 902 4435 1029 4499; x_wconf 88' lang='lat' dir='ltr'><strong>utrinque</strong></span> <span class='ocrx_word' id='word_1_374' title='bbox 1048 4437 1163 4496; x_wconf 85' lang='lat' dir='ltr'><strong>acriter;</strong></span> <span class='ocrx_word' id='word_1_375' title='bbox 1182 4435 1292 4485; x_wconf 88' lang='lat' dir='ltr'><strong>tandem</strong></span> <span class='ocrx_word' id='word_1_376' title='bbox 1311 4450 1371 4484; x_wconf 88' lang='lat' dir='ltr'><strong>eum</strong></span> <span class='ocrx_word' id='word_1_377' title='bbox 1390 4435 1477 4485; x_wconf 88' lang='lat' dir='ltr'><strong>nostri</strong></span> <span class='ocrx_word' id='word_1_378' title='bbox 1489 4449 1532 4484; x_wconf 88' lang='lat' dir='ltr'><strong>su·</strong></span> 
     </span>
     <span class='ocr_line' id='line_1_42' title="bbox 253 4516 1533 4583; baseline 0.001 -17"><span class='ocrx_word' id='word_1_379' title='bbox 253 4516 374 4583; x_wconf 90' lang='lat' dir='ltr'><strong>periores</strong></span> <span class='ocrx_word' id='word_1_380' title='bbox 392 4518 494 4568; x_wconf 88' lang='lat' dir='ltr'><strong>virtute</strong></span> <span class='ocrx_word' id='word_1_381' title='bbox 512 4519 628 4569; x_wconf 85' lang='lat' dir='ltr'><strong>miiitum</strong></span> <span class='ocrx_word' id='word_1_382' title='bbox 647 4521 813 4581; x_wconf 86' lang='lat' dir='ltr'><strong>evasissent,</strong></span> <span class='ocrx_word' id='word_1_383' title='bbox 833 4519 1025 4569; x_wconf 78' lang='lat' dir='ltr'><strong>Aenobarbum</strong></span> <span class='ocrx_word' id='word_1_384' title='bbox 1043 4535 1103 4570; x_wconf 90' lang='lat' dir='ltr'><strong>eum</strong></span> <span class='ocrx_word' id='word_1_385' title='bbox 1122 4520 1206 4569; x_wconf 84' lang='lat' dir='ltr'><strong>fratre</strong></span> <span class='ocrx_word' id='word_1_386' title='bbox 1226 4535 1259 4569; x_wconf 92' lang='lat' dir='ltr'><strong>ac</strong></span> <span class='ocrx_word' id='word_1_387' title='bbox 1277 4524 1336 4569; x_wconf 89' lang='lat' dir='ltr'><strong>toto</strong></span> <span class='ocrx_word' id='word_1_388' title='bbox 1354 4520 1479 4583; x_wconf 85' lang='lat' dir='ltr'><strong>equitatu</strong></span> <span class='ocrx_word' id='word_1_389' title='bbox 1492 4520 1533 4567; x_wconf 92' lang='lat' dir='ltr'><strong>in-</strong></span> 
     </span>
     <span class='ocr_line' id='line_1_43' title="bbox 253 4601 1532 4669; baseline 0.001 -18"><span class='ocrx_word' id='word_1_390' title='bbox 253 4601 423 4651; x_wconf 79' lang='lat' dir='ltr'><strong>terfecerunt</strong></span> <span class='ocrx_word' id='word_1_391' title='bbox 442 4603 579 4668; x_wconf 79' lang='lat' dir='ltr'><strong>affixaque</strong></span> <span class='ocrx_word' id='word_1_392' title='bbox 598 4619 690 4654; x_wconf 90' lang='lat' dir='ltr'><strong>eorum</strong></span> <span class='ocrx_word' id='word_1_393' title='bbox 708 4605 802 4669; x_wconf 83' lang='lat' dir='ltr'><strong>eapite</strong></span> <span class='ocrx_word' id='word_1_394' title='bbox 820 4605 978 4654; x_wconf 85' lang='lat' dir='ltr'><strong>lancearum</strong></span> <span class='ocrx_word' id='word_1_395' title='bbox 998 4604 1170 4654; x_wconf 88' lang='lat' dir='ltr'><strong>nurcronibus</strong></span> <span class='ocrx_word' id='word_1_396' title='bbox 1189 4619 1248 4654; x_wconf 89' lang='lat' dir='ltr'><strong>cnm</strong></span> <span class='ocrx_word' id='word_1_397' title='bbox 1262 4603 1378 4654; x_wconf 83' lang='lat' dir='ltr'><strong>victoria</strong></span> <span class='ocrx_word' id='word_1_398' title='bbox 1393 4604 1427 4653; x_wconf 89' lang='lat' dir='ltr'><strong>ad</strong></span> <span class='ocrx_word' id='word_1_399' title='bbox 1439 4604 1532 4653; x_wconf 87' lang='lat' dir='ltr'><strong>urbem</strong></span> 
     </span>
     <span class='ocr_line' id='line_1_44' title="bbox 253 4686 751 4753; baseline 0.004 -17"><span class='ocrx_word' id='word_1_400' title='bbox 253 4686 438 4752; x_wconf 86' lang='lat' dir='ltr'><strong>deportarunt.</strong></span> <span class='ocrx_word' id='word_1_401' title='bbox 474 4689 542 4738; x_wconf 87' lang='lat' dir='ltr'><strong>Haee</strong></span> <span class='ocrx_word' id='word_1_402' title='bbox 561 4689 588 4738; x_wconf 91' lang='lat' dir='ltr'><strong>in</strong></span> <span class='ocrx_word' id='word_1_403' title='bbox 607 4687 751 4753; x_wconf 79' lang='lat' dir='ltr'><strong>Aplrriea.”</strong></span> 
     </span>
    </p>
   </div>
   <div class='ocr_carea' id='block_1_4' title="bbox 0 0 1696 5370">
    <p class='ocr_par' dir='ltr' id='par_1_4' title="bbox 0 0 1696 5370">
     <span class='ocr_line' id='line_1_45' title="bbox 0 0 1696 5370; baseline 0 1"><span class='ocrx_word' id='word_1_404' title='bbox 0 0 1696 5370; x_wconf 95' lang='lat' dir='ltr'><strong> </strong></span> 
     </span>
    </p>
   </div>
  </div>
 </body>
</html>
