3382 5370
221 355 293 426 582
654 384 772 420 orntoot
791 383 1061 420 PSEVDOEVTTBMCI.

283 545 329 600 Lu
337 542 472 618 poltlus.
509 543 578 600 ttoti
601 543 753 617 transgredi
777 543 906 601 terminos
929 561 998 617 qnos
1019 551 1171 617 posueruut
1191 550 1283 619 patres
1299 544 1359 606 tui,'
1384 543 1457 600 dicit
1474 542 1524 597 Sa·

222 631 308 705 piens.
337 646 387 683 nos
415 628 454 685 sic
482 628 631 685 invenimus
660 637 687 686 et
716 629 865 702 recepimus
894 647 908 683 a
931 629 1070 701 magistris
1093 629 1140 702 qui
1163 630 1273 685 luerunt
1295 637 1359 685 aute
1390 646 1461 692 uos;
1493 637 1524 683 et

154 713 306 789 l·³2·quau·e
328 731 394 785 orgo
418 714 541 769 uolumus
561 713 750 787 derelinquere
772 730 865 769 eormn
887 713 1037 770 doctrinam
1058 712 1212 769 caelestem?
1235 715 1262 769 Si
1286 712 1368 770 sultis
1384 732 1437 769 ros
1454 713 1522 769 reii-

221 816 282 855 eere
298 797 475 870 'theologiam
492 797 696 860 scholasticam.
721 807 747 853 et
763 797 891 871 logicam.
915 807 942 853 (1
965 797 1190 872 ruetaphysioam.
1215 799 1276 872 quis
1299 807 1364 855 tuuc
1388 798 1519 873 ‹lisputa-

223 885 259 940 bit
283 892 378 939 eontra
400 882 561 940 litareticosl
593 884 654 958 «prais
682 892 822 939 cairrrertet
852 882 956 939 1111111111(
983 891 1011 939 et
1033 883 1154 938 Gentiles
1177 883 1209 940 atl
1238 883 1336 940 bilem?
1368 883 1539 957 quomodoa

221 968 351 1025 alebeuurs
374 969 520 1042 praemicare
542 968 574 1024 ml
598 968 737 1042 populmu,
761 977 789 1023 (1
811 968 947 1023 resolvere
969 986 1048 1024 casus
1076 968 1268 1024 conscientias?
1297 968 1430 1041 similiter
1453 970 1518 1042 quia

221 1053 345 1110 aleletulet
364 1052 460 1126 Papam
483 1062 510 1108 et
533 1054 692 1109 traditiones
716 1053 867 1115 bominum,
892 1053 915 1108 si
939 1052 1062 1109 uolumus
1087 1052 1195 1109 illorum
1218 1053 1347 1110 fantasias
1370 1054 1518 1128 recipere?

223 1139 262 1194 nd
285 1139 374 1195 fureas
396 1156 457 1193 eum
481 1137 533 1194 illis
556 1137 725 1194 ribaltleriis!
754 1156 805 1211 ego
836 1138 897 1194 solo
920 1139 1013 1212 potius
1037 1139 1076 1193 iro
1099 1138 1131 1194 atl
1162 1138 1266 1211 ignem,
1295 1156 1376 1212 quatu
1400 1139 1517 1195 studere

224 1226 250 1279 in
274 1223 328 1277 illis
351 1222 434 1277 uotis.

287 1307 530 1364 llocbstratus.
567 1307 707 1369 lliabolus.
735 1308 786 1363 boo
813 1326 865 1381 ego
894 1325 947 1364 non
970 1307 1063 1362 vellem
1089 1309 1190 1364 lasere:
1218 1327 1271 1381 ego
1298 1307 1359 1365 rolo
1388 1325 1550 1383 pugnarem

109 1434 113 1443 .
154 1395 275 1467 §.ltpro
297 1393 410 1449 «lectore
426 1395 526 1450 Sancto
549 1411 635 1467 usque
658 1393 689 1449 ((1
707 1395 804 1465 ignaru.
828 1393 875 1448 soil
897 1391 1044 1454 exclusive.
1067 1411 1121 1448 rum
1146 1392 1283 1455 inclusive,
1307 1394 1339 1448 1111
1355 1394 1389 1449 lia
1407 1393 1456 1449 lia!
1482 1394 1515 1449 tn

224 1478 315 1534 seiatis
339 1486 441 1540 tamen,
473 1479 524 1551 ipsi
555 1496 609 1533 rum
638 1479 747 1534 outuiuo
777 1487 877 1549 negant
897 1478 1013 1551 logicam
1035 1487 1062 1533 (1
1092 1477 1306 1552 philosophiam.
1336 1479 1384 1535 soil
1406 1478 1514 1540 (licant,

224 1563 296 1635 ‹pitotl
318 1580 370 1618 uem
392 1581 446 1618 uou
470 1564 585 1619 sciamus
609 1562 681 1619 illam
703 1581 793 1619 reram
817 1573 915 1625 artent.
939 1572 966 1618 (1
988 1563 1119 1619 hacteuus
1141 1562 1208 1618 nibil
1231 1563 1374 1619 ‹loeniuuts
1389 1563 1443 1620 nisi
1460 1564 1515 1619 fra·

225 1649 324 1703 scurias
347 1656 374 1702 ot
398 1649 478 1704 tricas
500 1658 528 1704 et
549 1647 747 1710 cavillationes.
777 1666 839 1721 «pirae
868 1666 921 1704 uim
945 1648 1120 1722 reperiuntur
1142 1648 1167 1703 in
1191 1648 1352 1707 Aristotele:
1383 1657 1409 1703 et
1433 1666 1515 1704 verre·

225 1731 336 1788 rabilem
359 1730 432 1788 illum
448 1734 557 1789 Petrum
572 1734 605 1789 (1(
621 1733 771 1808 Spuiubeym
793 1742 821 1790 et
837 1734 1005 1789 Tartaretum
1027 1741 1053 1788 et
1070 1731 1199 1806 Copulata
1222 1741 1249 1788 et
1271 1733 1374 1789 somnia
1389 1733 1550 1795 1111111111(

156 1817 272 1872 §.lbilla
295 1817 384 1872 turtula
407 1828 572 1892 perspuunt:
595 1820 711 1875 sturesit
735 1820 784 1874 iam
809 1836 880 1874 unus
902 1819 947 1891 tpii
970 1827 1081 1874 vocatur
1101 1817 1242 1891 Philippus
1258 1816 1457 1879 llelauelrtlaorn
1481 1819 1515 1874 (1(

165 1916 169 1926 ·
226 1920 281 1975 quo
305 1902 355 1975 ipsi
379 1901 492 1958 multum
517 1912 622 1966 terreum
652 1902 697 1959 ille
727 1905 790 1960 ierit
814 1921 892 1959 uumu
915 1920 1008 1959 1111111111
1031 1903 1147 1976 logicam
1170 1912 1199 1959 et
1222 1919 1302 1958 unam
1324 1920 1419 1958 uotam
1444 1903 1514 1959 tme-

226 1988 352 2047 tmiearu,
376 1996 403 2041 et
426 1987 490 2043 elicit
514 1989 585 2062 quoal
608 1989 743 2045 rlietnriea
765 1989 800 2045 sit
822 1988 929 2045 (1111111111
952 1987 1054 2060 logica.
1079 1997 1106 2043 et
1129 2005 1179 2043 uua
1202 1987 1238 2043 sit
1260 1987 1294 2043 ab
1316 1986 1380 2051 alia,
1404 1996 1433 2044 (1
1456 2006 1515 2044 11111-

226 2079 301 2128 tueut
325 2071 376 2127 sibi
399 2082 493 2129 mutuo
516 2074 661 2148 principia:
685 2074 755 2147 quotl
779 2091 831 2147 ego
854 2091 908 2129 nou
932 2072 1063 2146 intelligo.

156 2156 213 2204 l·³·'··
288 2156 475 2229 lupoldus.
512 2159 628 2221 Libora,
652 2177 706 2215 uon
728 2160 857 2215 credatis:
887 2159 947 2232 quis
969 2157 1047 2213 vellet
1071 2157 1167 2213 tloeere
1190 2156 1253 2213 illos
1279 2158 1388 2214 asinos?
1416 2157 1549 2217 voluutas

225 2242 276 2315 ipsi
299 2242 438 2313 corrigere
453 2243 582 2317 Copulata
605 2253 631 2299 et
655 2244 743 2300 llrieot
766 2253 793 2299 et
815 2244 1003 2300 Tartaretum?
1026 2260 1076 2316 per
1097 2243 1190 2304 ileum.
1214 2242 1265 2299 boe
1287 2252 1360 2299 esset
1383 2261 1438 2300 uua
1454 2243 1515 2318 pul·

224 2326 288 2382 olna
312 2345 364 2381 res.
410 2329 460 2401 ipsi
485 2329 579 2384 soluat
602 2348 661 2385 esse
684 2329 786 2391 Graeci.
817 2338 844 2384 (1
872 2329 895 2383 si
918 2329 1040 2383 (1111111111
1063 2328 1094 2383 ((1
1118 2335 1216 2383 terram
1239 2336 1359 2385 sanctam
1372 2338 1409 2384 Ι(1
1431 2329 1515 2386 alebe-

225 2420 285 2467 reut
309 2420 402 2485 potere.
426 2430 520 2485 pauunu
543 2424 657 2487 propter
678 2414 756 2470 (1(11111
780 2416 806 2470 in
829 2416 923 2469 Graeco
946 2411 985 2468 rel
1017 2414 1043 2468 iu
1073 2413 1192 2473 lutlairo.
1222 2422 1286 2469 tuuc
1309 2413 1359 2487 ipsi
1383 2430 1439 2469 nou
1464 2415 1515 2471 sei·

226 2506 300 2558 rent,
324 2505 351 2552 et
373 2497 468 2553 roluut
490 2500 628 2572 corrigere
651 2508 771 2554 nostram
796 2497 1015 2559 translatiouent,
1041 2506 1166 2571 tanquam
1190 2499 1287 2554 tlootor
1309 2500 1443 2561 Sanetus,
1466 2501 1514 2574 qui

227 2581 279 2638 luit
301 2599 362 2636 reru
385 2591 494 2639 sauctus
517 2583 574 2639 siue
596 2583 694 2645 dubio.
718 2601 772 2639 uim
793 2583 956 2639 intellexerit
974 2582 1156 2639 Aristotelem.
1523 2600 1547 2639 rs

156 2670 216 2720 131.
289 2666 529 2724 lloelrstratus.
566 2670 644 2725 Certe
674 2670 802 2741 magister
831 2677 940 2730 noster,
968 2685 1019 2741 ego
1050 2666 1145 2724 vollem
1168 2668 1241 2742 quoti
1263 2686 1354 2724 verum
1376 2669 1514 2732 diceretis.

225 2752 272 2808 soil
295 2752 347 2808 beu
370 2752 422 2807 iam
446 2752 484 2807 illi
507 2754 602 2809 «louein
627 2772 675 2808 eos
698 2755 743 2826 qui
768 2761 832 2808 suut
854 2754 908 2808 uati
933 2751 1053 2815 Hebraei,
1083 2762 1110 2808 et
1133 2754 1187 2809 uati
1210 2771 1240 2809 or
1264 2753 1365 2810 Graecia
1389 2754 1515 2811 homiues

224 2837 390 2892 doctissimi:
422 2836 459 2891 illi
487 2847 560 2893 certe
589 2838 695 2911 quautlu
725 2837 831 2899 volunt,
860 2847 976 2911 possunt
998 2838 1037 2894 eis
1061 2838 1128 2894 bone
1150 2838 1293 2894 ostendere
1316 2840 1514 2913 proprietatem

225 2920 389 2993 linguarum.
435 2939 481 2977 ros
504 2923 570 2977 estis
594 2924 644 2978 iam
668 2923 753 2978 iratus
775 2931 803 2979 et
823 2930 983 2978 commotus.
1028 2923 1150 2995 Soapreus
1172 2924 1302 2996 uragister
1323 2934 1418 2981 uoster
1434 2926 1515 2982 Stou-

226 3015 283 3066 tor.
313 3009 339 3061 ir
359 3014 422 3080 sept
444 3009 518 3062 (111(11
541 3009 687 3074 varianter,
716 3008 786 3064 siout
814 3007 881 3064 lieno
912 3008 1055 3063 ostemlitis
1083 3009 1109 3063 iu
1140 3009 1236 3063 uestris
1264 3008 1550 3082 praulleatiouilrus,ao

226 3100 254 3147 (1
277 3090 387 3147 lortiter
409 3091 532 3148 clamatis
554 3092 587 3148 atl
610 3092 754 3167 populum,
779 3094 852 3167 quod
874 3110 928 3148 uou
952 3092 1066 3148 tlebeant
1089 3093 1199 3149 oretlero
1215 3093 1303 3149 verbis
1319 3094 1441 3157 lutheri,
1466 3113 1517 3151 uec

226 3175 316 3249 legere
340 3175 412 3233 illius
435 3176 535 3233 libros:
565 3178 666 3234 utinam
697 3178 748 3234 buo
770 3195 864 3234 omues
887 3180 1007 3233 lacerent
1029 3178 1075 3250 apri
1099 3177 1193 3233 volunt
1214 3196 1274 3234 esso
1297 3179 1436 3252 magistri,
1467 3181 1516 3236 sed

227 3270 314 3318 tamen
337 3279 392 3317 uun
415 3271 476 3317 suut
510 3262 608 3323 aolosi.
639 3281 687 3318 uer,
719 3263 846 3337 tpuqnam
874 3270 971 3319 ourant
998 3263 1031 3318 (1(
1060 3261 1251 3319 traditionibus
1281 3264 1458 3337 antiquorum
1486 3273 1517 3321 et

226 3346 374 3403 seniorum.
418 3364 490 3403 nune
513 3348 606 3421 igitur,
629 3347 699 3404 boue
722 3350 851 3421 magister
874 3355 980 3409 noster.
1011 3347 1074 3421 quid
1097 3348 1150 3403 erit
1172 3348 1335 3410 laciemlum,
1366 3356 1397 3404 ut
1420 3350 1517 3424 ‹alapri-

226 3450 329 3488 matuus
351 3431 426 3511 illum
449 3433 622 3489 lnuretiemu‘!
1526 3450 1554 3491 aa

158 3523 216 3573 §.tn
290 3518 446 3572 Stentor.
486 3517 652 3575 Venerabilis
674 3528 700 3574 et
723 3518 819 3574 eaiuiio
842 3518 971 3589 riiagister
994 3527 1101 3579 noster,
1130 3535 1221 3575 rerum
1251 3528 1308 3580 est,
1339 3520 1519 3593 (3111111111-

227 3602 283 3657 ravi
307 3601 472 3675 aliquotiens
493 3612 588 3659 contra
611 3601 673 3659 illos
696 3621 780 3659 uovos
796 3603 947 3659 scribentes
962 3603 1034 3676 quotl
1051 3603 1105 3659 siut
1120 3604 1257 3665 baeretici,
1282 3604 1328 3660 soil
1345 3604 1422 3660 video
1439 3607 1519 3678 quod
1605 3610 1611 3623 “

225 3686 292 3742 nibil
316 3687 443 3761 prolioio:
467 3688 518 3761 ipsi
542 3689 702 3762 permittunt
725 3706 775 3744 uos
797 3687 911 3744 clamare
934 3696 958 3742 (1
984 3687 1103 3749 ululare,
1127 3698 1152 3744 et
1177 3688 1354 3744 uilrilmuiuus
1377 3690 1520 3746 seminant

225 3789 301 3827 suam
325 3772 468 3835 zizaniaua;
492 3790 545 3829 uou
567 3783 663 3829 curant
684 3775 717 3829 (1(
740 3772 903 3833 maledictis.
927 3781 954 3827 et
977 3772 1048 3828 sieut
1071 3775 1200 3847 seriptum
1224 3782 1265 3829 ost
1287 3774 1320 3829 (1(
1342 3773 1406 3829 liliis
1429 3774 1519 3832 lsrael

226 3858 252 3911 in
276 3858 414 3931 Aegypto,
445 3859 516 3930 iptioil
539 3866 640 3932 quanto
664 3860 750 3930 iringis
773 3857 996 3932 opprimebantur
1023 3877 1037 3913 a
1060 3857 1198 3913 Pharaone
1229 3859 1255 3913 iu
1284 3857 1343 3913 luto
1366 3866 1394 3915 et
1416 3857 1559 3923 laterano

226 3949 302 3997 tauto
326 3942 411 4015 uirgis
434 3942 683 4017 uuiltiplieabautur
706 3942 753 3998 illi.
799 3942 830 3999 Et
853 3960 922 3999 nuno
940 3958 971 3998 so
986 3944 1081 3998 lusson
1099 3958 1148 4015 spo
1165 3959 1214 3999 ears
1233 3946 1347 4016 sinpen,
1371 3946 1519 4002 (111111111-

294 4208 300 4240 ¹
326 4208 665 4261 trtrrovertuxxttntt.
742 4208 763 4241 ¹⁵
785 4212 896 4260 Petrum
919 4211 952 4260 elo
978 4210 1133 4275 Spauboym
1157 4212 1283 4276 equidem
1311 4212 1375 4262 novi
1399 4214 1522 4281 nullum,

225 4294 362 4358 ullamque
386 4296 432 4359 qui
454 4295 508 4344 huo
531 4296 671 4359 pertineat
696 4295 835 4344 exstitisse
860 4311 938 4361 nego.
974 4296 1085 4346 Petrum
1108 4297 1229 4361 Spanum
1252 4297 1320 4346 1.(1(
1339 4297 1433 4363 Spano
1458 4304 1478 4352 i.
1494 4320 1521 4354 e.

226 4379 378 4443 Hispanum
397 4378 456 4428 vult
473 4379 670 4435 Hoohstratua,
694 4380 728 4429 do
752 4395 817 4445 quo,
841 4386 871 4429 ut
895 4381 928 4430 do
946 4381 1091 4430 Tartureto
1110 4386 1138 4430 et
1156 4382 1190 4431 (1(
1209 4381 1352 4447 Copulatis
1371 4390 1400 4433 (1
1418 4386 1523 4438 Brieot

227 4464 261 4512 ud
281 4465 348 4528 ttpp.
362 4464 394 4513 1).
409 4465 441 4514 V.
455 4464 586 4514 (ticenum.
639 4456 660 4496 ¹⁶
679 4465 899 4515 statana-tutionis
918 4465 951 4515 de
964 4467 1114 4515 libetorioa
1133 4467 1195 4516 libri
1210 4473 1265 4516 tros
1278 4467 1394 4531 primurn
1406 4471 1521 4534 proelio-

226 4552 288 4596 ruut
301 4548 504 4616 Vuittouburgii
520 4566 544 4600 a.
559 4548 630 4599 tatu.
645 4550 697 4609 l⁰.;
711 4550 773 4599 libri
787 4550 926 4600 dedicatio
939 4552 1045 4617 scripta
1058 4555 1100 4599 est
1112 4567 1146 4600 ui.
1160 4552 1290 4601 Ianuario
1303 4566 1327 4599 a.
1344 4550 1418 4601 tato.
1439 4555 1522 4606 Corn-

227 4632 372 4697 pentliaria
390 4634 553 4685 dialecticos
571 4636 642 4685 ratio
660 4636 762 4701 prodiit
774 4635 982 4700 Vuitteubergae
996 4652 1020 4686 (1.
1036 4635 1108 4685 tato.
1122 4636 1171 4697 *¹⁰⁴
1191 4636 1328 4686 ‹ledicatio
1347 4639 1457 4704 scripto
1477 4650 1523 4693 est

227 4734 261 4767 ua.
274 4719 374 4769 Martio
393 4736 418 4769 a.
435 4719 507 4770 toto.
558 4719 951 4771 81111111111((11111111111111111.
1004 4719 1026 4752 ³⁰
1043 4718 1150 4786 script]
1169 4721 1254 4773 Exod.
1267 4721 1289 4771 1.
1302 4720 1326 4771 ll.
1341 4736 1401 4788 sqq.
