3382 5370
270 346 341 418 39ss
510 364 557 414 XI.
626 377 786 413 essenorum.
855 379 993 414 nracoovs
1013 379 1195 415 uvnrnurcvs.
1215 362 1296 426 (toro.)

199 547 258 599 §.ru
276 530 381 612 pm?
401 532 408 617 Ι
472 552 641 596 nvnrsuvs.
680 533 711 593 ln
735 552 793 612 qno
808 534 977 594 imitandum
993 536 1020 594 ei
1035 552 1165 613 propone
1180 534 1375 595 Alexandrum
1391 535 1542 603 Severum,

266 655 404 716 magnum
426 638 525 716 utique
547 635 773 714 Imperatorem,
802 636 852 714 qui
880 636 951 697 dixit
979 635 1097 697 ‘malum
1126 634 1266 715 pupillum
1296 654 1359 697 esse
1381 636 1541 714 lmpcrato·

266 758 343 808 rem,
373 742 422 819 qni
448 760 482 801 ex
511 740 670 800 visceribus
692 736 910 817 provincialium
933 738 1066 800 homines
1086 756 1145 798 non
1168 739 1346 799 necessarios
1368 757 1463 816 neque
1485 739 1542 798 rei·

265 842 390 922 publicae
411 840 506 904 utileis
527 840 677 921 pasceret'

327 964 525 1008 annucrscvs.
563 942 660 1004 Placet
682 941 862 1021 exemplum,
887 941 930 1003 vel
952 944 1014 1003 eius
1036 961 1050 1002 a
1074 960 1132 1021 quo
1155 944 1347 1021 proficiscitur
1369 943 1469 1021 gratia.
1551 954 1564 992 ³

327 1066 498 1110 averanus.
536 1046 626 1124 lgitur
647 1044 723 1105 alind
746 1045 877 1106 eiusdem
899 1045 1008 1123 pariter
1030 1043 1069 1105 illi
1091 1043 1212 1106 inculca.

326 1168 524 1211 nansciscvs.
562 1146 645 1218 Quod
668 1145 755 1207 illudi

264 1249 360 1337 iffi&
384 1249 391 1333 Ι
453 1268 625 1310 uvrrsnvs.
663 1248 818 1327 Nunquam
841 1248 868 1307 in
892 1247 1006 1327 templis
1028 1266 1130 1327 passus
1152 1256 1196 1309 est
1210 1250 1334 1310 Severus
1349 1257 1455 1327 praeter
1469 1267 1541 1325 (prra-

266 1362 331 1414 tuor
360 1359 409 1413 aut
437 1353 563 1431 quinque
592 1351 704 1428 argenti
734 1350 838 1420 libras,
867 1351 930 1412 auri
960 1369 997 1411 ue
1019 1358 1130 1427 guttam
1153 1352 1269 1430 quidem
1291 1358 1341 1411 aut
1363 1350 1540 1412 bracteolam

264 1456 370 1534 posuit.
1550 1465 1575 1506 m

196 1578 264 1628 guo,
328 1573 525 1618 FRAttclscvs.
564 1555 768 1633 Osapientem
793 1556 968 1633 principem,
993 1557 1041 1634 qiu
1063 1557 1092 1616 in
1114 1556 1177 1616 haec
1198 1563 1329 1633 tempora
1345 1557 1368 1615 si
1383 1556 1538 1623 incidisset,

263 1657 415 1744 mm?
437 1652 445 1736 Ι
467 1657 535 1736 quid
560 1662 643 1735 putas
664 1662 819 1724 statueret,
851 1675 917 1716 cum
945 1675 1033 1717 aurea
1063 1665 1091 1719 et
1119 1665 1255 1735 argentea
1284 1659 1358 1718 circa
1388 1677 1420 1717 se
1443 1658 1539 1717 onmia

264 1761 373 1822 lrabere
395 1758 562 1819 sacerdotes
583 1759 706 1827 videret,
729 1776 859 1836 gemmas
881 1760 966 1820 etiam
990 1768 1018 1820 et
1040 1761 1063 1819 si
1086 1760 1155 1838 quid
1178 1761 1300 1838 gemmis
1322 1761 1481 1838 preciosius
1496 1767 1540 1820 ost

263 1864 422 1943 deposcere
443 1860 513 1930 sibi,
536 1881 570 1922 ac
591 1860 673 1921 netas
695 1879 758 1921 esse
781 1867 883 1939 putare
905 1861 991 1922 lictile
1013 1862 1158 1940 {pudpiam
1182 1861 1217 1922 ab
1240 1881 1271 1921 se
1295 1863 1468 1922 contrectari
1490 1868 1539 1920 aut

262 1965 409 2042 lignenm?
1550 1979 1573 2016 u

325 2084 497 2128 uvrrnnvs.
534 2065 609 2138 Quid
637 2063 713 2126 aliud
742 2067 817 2126 enim
846 2085 934 2145 quam
962 2066 1041 2145 quod
1068 2066 1165 2127 lacere
1194 2067 1272 2126 hunc
1294 2069 1380 2127 etiam
1403 2065 1538 2126 Carolum

263 2167 339 2245 5:232?
360 2167 368 2256 Ι
391 2184 506 2246 aequum
534 2174 593 2237 est,
623 2169 647 2227 si
671 2186 789 2229 necesse
811 2170 848 2228 sit
870 2166 979 2228 bellurn
1002 2186 1106 2246 gerere
1129 2187 1182 2246 pro
1205 2169 1315 2247 patria,
1339 2187 1393 2228 nec
1417 2170 1537 2247 pecunia

263 2270 417 2348 suppetat?

323 2392 522 2434 snmcrscvs.
560 2371 633 2441 Quid
657 2373 718 2431 est‘t

324 2495 497 2536 uvernerus.
536 2474 571 2534 Ut
592 2492 696 2534 aurum
718 2474 774 2534 hoc
797 2479 826 2533 et
847 2480 998 2550 argentum
1021 2475 1049 2532 in
1072 2474 1200 2552 templis,
1224 2482 1362 2553 quiantum
1386 2482 1442 2544 est,
1466 2492 1573 2535 con-ao

261 2573 410 2653 ww·
432 2575 440 2659 Ι
462 2576 512 2637 llet
533 2577 713 2643 universum.
743 2593 872 2654 gemmas
901 2594 969 2636 voro
992 2576 1138 2645 divendat,
1168 2594 1201 2636 ac
1223 2577 1260 2637 de
1283 2577 1417 2637 omnibns
1439 2584 1538 2637 coacta

262 2679 386 2758 pecunia
408 2679 553 2740 exercitus
575 2678 630 2738 alat
654 2685 683 2738 et
704 2676 827 2756 publicis
849 2677 1067 2739 riccessuattbas
1089 2678 1247 2738 subveniat.

195 2784 262 2833 etat.
326 2799 524 2842 raaucrscvs.
563 2780 593 2840 Si
616 2797 674 2838 non
696 2781 732 2839 sit
753 2780 913 2858 gerendum
936 2778 1044 2839 bellum
1067 2782 1153 2840 vero?

325 2901 497 2945 nrcrnnvs.
535 2881 644 2942 Tamen
668 2881 826 2942 emovenna
849 2882 984 2942 existimo
1006 2899 1022 2940 a
1044 2883 1135 2941 sacris
1157 2883 1209 2943 ista
1226 2890 1254 2943 et
1268 2883 1434 2943 sacerdotes
1450 2884 1536 2960 ipsos,

261 2980 442 3061 ᾗῖῗξξζξᾙὲζξζ
465 2979 472 3068 Ι
493 2985 608 3062 pietatis
629 2983 739 3053 studio,
762 2983 880 3051 divitiis,
909 3002 942 3043 re
970 3001 1107 3061 maguum
1131 2986 1172 3044 eis
1193 2985 1431 3062 impedimentum
1454 2984 1571 3045 adio-as

261 3092 359 3153 rente,
383 3085 594 3146 exonerandos.

324 3207 523 3248 annucrscvs.
561 3186 634 3249 Utile
663 3187 768 3248 suades
796 3185 841 3248 vel
863 3188 970 3248 iccirco
993 3188 1070 3266 quod
1093 3188 1257 3249 huiusmodi
1280 3189 1308 3246 in
1331 3190 1421 3263 sacris
1443 3189 1536 3248 donec

260 3286 384 3375 am&
407 3284 415 3373 Ι
437 3297 519 3358 sunt,
548 3290 659 3350 animos
681 3290 801 3350 incitant
823 3290 978 3368 cupiditate
1000 3289 1140 3358 lrabendi;
1168 3288 1218 3349 ubi
1240 3307 1309 3349 vero
1331 3289 1427 3349 tictilia
1451 3297 1536 3350 ermrt

260 3409 327 3452 vasa
349 3399 378 3452 et
400 3391 482 3452 lineae
504 3392 672 3469 pontificum
695 3392 803 3460 mitrae,
834 3391 1004 3468 frugalitatis
1026 3392 1195 3453 Christianae
1216 3390 1438 3452 admonebimur
1459 3409 1536 3452 sem·

259 3490 402 3580 sslglffffi
424 3489 432 3578 Ι
454 3511 521 3572 per:
550 3492 660 3572 expulit
686 3495 762 3553 enirn
784 3493 898 3572 templis
921 3494 1066 3554 Christum
1089 3502 1242 3573 postquam
1265 3495 1366 3554 invasit
1389 3494 1533 3555 funestum
1544 3507 1570 3548 ao

260 3613 379 3665 aurum,
403 3603 489 3672 atquc
512 3595 588 3656 idem
610 3614 707 3655 verum
730 3614 847 3674 quoque
869 3595 1038 3674 religionem
1061 3598 1187 3656 excussit
1200 3597 1303 3655 animis
1318 3597 1483 3665 hominnm,
1507 3605 1537 3656 et

259 3697 304 3758 sni
326 3715 454 3757 amorem
478 3696 594 3758 indidit:
626 3697 748 3776 proinde
770 3697 931 3775 expellatur
954 3705 1099 3758 tantorum
1122 3697 1265 3759 malorum
1290 3717 1406 3766 caussa,
1437 3697 1535 3776 expio!-

259 3797 335 3858 latur
350 3798 454 3868 semel,
479 3817 513 3859 ac
528 3799 633 3860 deiude
648 3806 782 3859 arceatur
796 3817 921 3877 semper.
955 3801 1017 3861 Hoc
1032 3819 1133 3861 omnes
1148 3799 1249 3868 velint,
1272 3819 1373 3860 omnes
1388 3801 1533 3861 stmleant.

321 3922 496 3962 unncnrou.
534 3900 692 3970 Quantam,
721 3919 809 3979 quarn
837 3902 992 3963 iucundam
1015 3904 1169 3963 novitatem
1191 3903 1274 3963 video
1297 3902 1393 3963 moliri
1416 3920 1480 3969 ros.
1510 3905 1533 3962 si

258 4003 440 4080 pertineatis.
1542 4022 1569 4062 aa

190 4107 256 4158 §.¹⁵2
321 4124 493 4166 urnrnuvs.
530 4104 682 4165 Pervincet
703 4104 847 4166 Christus:
876 4123 941 4167 nam
969 4107 1060 4185 ipsius
1088 4107 1149 4167 lianc
1176 4113 1219 4166 est
1247 4098 1362 4175 caussa;
1394 4107 1456 4185 ipsc
1485 4127 1534 4167 en·

258 4205 399 4283 pugnaliit
420 4224 436 4266 a
460 4226 517 4285 qrro
540 4205 770 4284 oppugnabatur.

258 4325 358 4362 canen.
405 4301 413 4387 Ι
476 4307 532 4368 Sed
556 4308 592 4368 de
614 4307 772 4369 Curtisanis
795 4317 827 4369 ut
848 4309 953 4369 habet?

323 4525 330 4559 ¹
350 4526 425 4576 Alex.
440 4525 514 4594 Seu]
533 4529 672 4594 Lamprid.
686 4531 713 4579 in
733 4530 767 4578 ei.
782 4529 830 4579 vit.
844 4546 867 4579 c.
884 4528 922 4578 15.
942 4530 1060 4591 „mulum
1080 4530 1211 4596 pupillum
1231 4528 1322 4596 [poesis
1334 4531 1396 4596 pub.
1411 4530 1487 4580 illum
1499 4551 1534 4574 =

256 4612 395 4678 publicum
413 4610 515 4677 illunrll
536 4629 596 4663 csse
613 4614 677 4664 dce.''
746 4613 756 4646 ⁸
775 4615 803 4662 in
823 4613 925 4680 templ]
944 4616 1083 4680 Lamprid.
1097 4617 1115 4665 l.
1131 4633 1154 4666 c.
1169 4633 1193 4665 c.
1206 4617 1247 4666 tt.
1268 4618 1317 4678 „ln
1336 4615 1445 4680 templis
1464 4631 1531 4666 sene

258 4712 395 4762 nunquam
415 4703 516 4762 praeter
568 4715 602 4748 no
620 4699 755 4765 guttulam
773 4716 798 4763 q.
818 4704 865 4748 aut
883 4700 1051 4750 bracteolam
1069 4703 1186 4766 posuit''.
