3382 5370
298 336 370 407 432
730 370 845 403 blamont
866 371 1137 405 PSEVDOllVT'fllb'lCl.

359 524 478 582 lulius.
517 526 567 582 boc
590 536 631 583 est
653 544 706 584 non
730 527 829 601 absque
853 528 994 601 promissis
1016 546 1047 584 cs
1070 538 1149 602 pacto
1172 529 1346 590 sacerdotiis.
1370 539 1450 603 atquc
1475 532 1502 586 iu
1526 532 1577 587 boc

296 610 412 685 repertis
434 618 492 666 arte
515 610 733 668 fulciussoribus:
756 611 1008 686 aliquamloquidem
1033 622 1085 668 tatu
1104 614 1238 686 ingentem
1255 615 1392 686 pecuniam
1410 616 1449 670 sis
1465 616 1577 671 Crassus

296 696 353 769 ipse
377 704 536 770 praesentem
562 705 643 752 totam
672 705 847 753 numerasset.
893 698 988 753 Verum
1018 697 1073 753 lame
1099 700 1199 754 frustra
1229 698 1276 753 tibi
1307 717 1402 760 narro.
1437 719 1498 773 qum
1528 719 1576 757 nec

296 798 388 836 rsnrnes
411 780 566 853 intelligunt
588 783 728 838 mensarii:
751 782 833 837 babes
856 784 991 856 quamodo
1015 783 1196 856 pervenerim:
1226 784 1277 838 laur
1302 784 1327 839 io
1352 785 1510 857 pitruilieatu
1534 805 1576 841 strat

295 865 331 921 ita
354 866 440 938 gessi,
464 875 494 921 nt
517 883 595 921 nerito
617 868 652 922 sit
675 885 727 923 nort
750 867 835 923 alicam
858 869 1009 941 priscorum
1033 867 1140 924 illorum
1158 867 1330 942 prtruifrrum.
1354 870 1399 942 qui
1416 870 1476 926 solo
1494 871 1597 925 titnlnb

294 950 357 1005 milri
382 951 505 1007 vitientur
527 968 586 1006 esse
608 952 761 1025 pontifices.
791 953 838 1007 sed
861 970 910 1008 nec
933 953 1126 1015 recentiorum.
1162 953 1204 1008 cui
1229 962 1331 1009 tantum
1354 954 1481 1016 ecclesia.
1518 967 1577 1011 tau·

296 1044 352 1091 tum
374 1035 497 1092 Clmistns
519 1035 576 1109 ipse
597 1036 706 1099 debeat,
730 1045 858 1110 quantum
882 1037 961 1093 mibi:

227 1129 285 1178 fat.
358 1121 494 1176 fletrius.
535 1121 567 1177 Ut
590 1122 753 1178 Thrasonem
776 1122 831 1195 agit
853 1121 944 1178 ltelual

356 1206 490 1261 Petrus.
529 1205 645 1281 Experto
667 1224 797 1280 quorsum
820 1208 923 1263 evadas.

357 1290 480 1346 lulius.
518 1309 577 1347 nam
598 1291 689 1347 runltis
712 1291 807 1348 officiis
831 1291 880 1364 (sie
901 1293 971 1347 enim
995 1291 1100 1364 vocant)
1122 1293 1197 1347 noris
1220 1295 1334 1366 repertis
1357 1312 1411 1349 ranan
1433 1295 1574 1351 rrtediocri-
1587 1298 1609 1338 ¹⁰

295 1386 337 1432 ter
358 1377 417 1432 auxi
449 1375 541 1432 dsemu
571 1377 747 1449 pontificium.
794 1386 849 1432 tum
879 1377 1011 1433 rationem
1042 1378 1143 1439 inveni,
1178 1387 1208 1433 ut
1235 1382 1301 1433 citra
1331 1379 1452 1434 suueuia·
1481 1380 1575 1435 sitium

292 1463 465 1536 episcopatus
487 1471 655 1517 emerentur:
684 1462 808 1517 nimirum
831 1463 1008 1518 coristitutum
1032 1471 1073 1517 est
1095 1481 1109 1517 a
1134 1462 1280 1517 stratoribus
1302 1464 1383 1525 oreis.
1407 1473 1436 1518 ut
1451 1465 1494 1519 rui
1510 1482 1575 1520 cou-

294 1547 386 1619 tigerit
410 1546 596 1620 episcopatus,
628 1547 649 1601 is
671 1547 788 1620 deponat
811 1547 943 1603 officinm:
977 1547 1002 1602 id
1030 1547 1065 1602 ita
1096 1565 1154 1602 sinu
1184 1548 1394 1622 interpretatus.
1428 1549 1574 1623 ‘deponere

295 1631 408 1695 tisberim
442 1640 469 1685 at
492 1648 546 1686 nou
568 1631 714 1705 deponitur
736 1631 807 1706 (quod
836 1649 891 1687 arian
916 1632 1014 1695 babes;
1048 1633 1187 1688 eruendum
1216 1632 1300 1706 igitur
1330 1634 1400 1707 qnod
1430 1634 1573 1708 depouas':

295 1717 342 1772 bac
365 1725 422 1771 arte
445 1715 545 1789 singuli
567 1717 738 1792 episcopatus
761 1733 823 1772 sena
851 1717 940 1772 statim
963 1726 1007 1772 arrt
1034 1726 1144 1790 septena
1174 1717 1331 1774 tlttcatorum
1360 1718 1441 1774 nullia
1470 1719 1608 1774 adfers-¹³

225 1801 371 1865 amabant.
394 1809 495 1875 praeter
515 1799 559 1856 illa
582 1819 641 1874 <qum
663 1819 694 1857 ex
715 1819 788 1857 neore
812 1818 862 1875 pro
885 1800 965 1857 bullis
988 1810 1194 1875 extorquentur.
1238 1803 1305 1870 Quin
1324 1821 1354 1859 ea
1371 1821 1438 1858 nora
1455 1811 1572 1863 moneta.

293 1904 344 1959 qua
368 1894 450 1941 totam
473 1885 575 1959 explevi
599 1886 713 1947 ltaliam.
735 1903 788 1940 non
809 1887 935 1959 exiguum
955 1886 1164 1942 emolmueutum
1187 1887 1313 1949 cambum
1336 1906 1384 1943 nec
1401 1888 1454 1943 ulla
1470 1889 1572 1944 cessavi

293 1980 369 2044 parte
393 1971 419 2025 in
439 1970 635 2027 accumulandis
656 1971 791 2045 pecuniis:
815 1971 941 2027 nirnirum
964 1971 1120 2044 intelligens
1141 1972 1243 2045 altsque
1267 1973 1298 2027 iis
1322 1973 1388 2027 nibil
1408 1983 1481 2028 recte
1504 1974 1572 2046 geri.

224 2060 380 2129 §.tsstuequr
403 2073 507 2110 sacrum
529 2073 616 2130 neque
636 2057 788 2130 profanum.
832 2056 863 2111 Et
891 2064 919 2111 ut
946 2057 977 2112 ad
1000 2058 1100 2112 maiora
1127 2057 1245 2118 reniam,
1280 2057 1459 2113 llononiama
1483 2058 1573 2113 lienti-

289 2139 357 2196 volis
381 2150 536 2214 occupatam
564 2141 687 2196 florrrame
718 2141 773 2197 sedi
802 2142 923 2202 restitui.
959 2141 1074 2198 l'errctos
1103 2151 1165 2197 aute
1195 2142 1307 2197 irrvictos
1338 2143 1463 2198 omuibus
1488 2142 1608 2198 alarico

290 2225 415 2288 contudi;
439 2224 567 2281 ternum
589 2226 682 2282 doceru
703 2226 748 2282 diu
770 2225 838 2282 rrrale
861 2237 981 2282 seratum
999 2226 1070 2282 bello
1086 2245 1172 2301 prope
1188 2228 1295 2282 rnitdmu
1313 2228 1338 2282 in
1357 2245 1463 2282 rrarssam
1480 2226 1573 2284 illese·

290 2327 361 2371 ram:
384 2309 590 2366 conciliabulum
611 2310 808 2367 sobismaticmu
828 2311 954 2367 simulato
976 2321 1070 2367 contra
1092 2311 1207 2367 conscilio
1231 2312 1346 2367 feliciter
1366 2311 1448 2373 elusi.
1473 2322 1501 2368 et
1518 2311 1572 2368 cla-

289 2413 364 2457 vum.
393 2395 464 2469 quod
486 2395 539 2451 dici
562 2397 645 2457 solet.
675 2395 750 2451 claro
773 2396 873 2470 pepuli.
919 2405 1057 2470 postremo
1083 2395 1186 2457 Gallos.
1220 2406 1282 2452 trane
1306 2397 1364 2453 orbi
1387 2396 1572 2453 formidabiles

290 2481 430 2541 universo.
452 2497 483 2536 ea
506 2481 628 2536 rrrriversa
651 2480 725 2537 ltalia
747 2479 901 2542 deturbari,
919 2481 1113 2537 deturbaturus
1133 2491 1160 2538 et
1180 2481 1313 2555 llispanos
1336 2482 1407 2552 (riam
1423 2482 1473 2537 buc
1490 2481 1572 2554 iliam)

222 2566 340 2621 annisi
365 2583 406 2621 rae
430 2566 481 2620 lata
507 2567 586 2622 terris
608 2565 780 2641 eripuissent.
819 2568 906 2639 dtque
930 2567 972 2622 bic
997 2585 1105 2640 claroque
1137 2584 1215 2640 quam
1243 2568 1369 2622 imirturu
1394 2567 1605 2640 praestiteri1n²³

290 2651 419 2710 anirruun.
443 2651 515 2706 vide:
547 2651 628 2707 Gallis
649 2650 836 2724 superioribus
859 2650 974 2706 latebras
993 2652 1217 2725 circumspectare
1240 2652 1324 2725 empi;
1351 2670 1443 2707 cauam
1466 2651 1571 2707 alebam

289 2736 412 2796 barbara.
443 2736 525 2791 rebus
546 2736 740 2811 propemodum
763 2735 789 2790 in
818 2736 1034 2810 desperationem
1062 2736 1195 2796 adductis.
1229 2755 1288 2793 cum
1316 2744 1428 2810 repente
1458 2737 1572 2791 nutatins

288 2821 399 2878 affertur
421 2838 530 2883 aureus.
563 2821 633 2896 apud
656 2822 804 2877 Ravennam
831 2820 936 2893 aliquot
958 2820 1096 2877 Gallorum
1122 2820 1203 2876 millia
1234 2822 1381 2878 trucidata:
1415 2820 1451 2876 ibi
1475 2821 1571 2876 revisit

288 2988 487 2998 n—--———-

287 3092 435 3140 rideretur.
472 3105 534 3139 nam
553 3089 577 3138 si
596 3094 700 3137 tautum
718 3104 808 3152 operae
828 3089 960 3137 acricudis
978 3089 1089 3154 regibus
1109 3088 1143 3138 ad
1161 3089 1262 3139 bellum
1285 3088 1313 3137 in
1332 3089 1448 3137 'siarcum
1473 3089 1570 3138 decer·

287 3177 416 3237 neudum,
437 3179 567 3240 quantum
586 3173 620 3222 ad
639 3173 754 3237 imperia
773 3178 801 3222 et
819 3173 990 3239 respublicas
1009 3174 1212 3223 conturbandos
1236 3179 1264 3222 et
1286 3172 1480 3236 inquietandos
1505 3188 1570 3222 eou-

287 3260 407 3317 tulisset‚
438 3260 540 3309 nemini
560 3259 668 3307 (lisbium
689 3273 749 3307 esse
767 3263 871 3323 potest,
903 3259 968 3323 quin
992 3258 1147 3324 respublica
1166 3258 1324 3307 Christiana
1350 3259 1408 3306 cius
1431 3258 1571 3322 praesidiis

286 3346 403 3396 subnixa
421 3344 534 3395 meliore
553 3344 613 3394 loco
633 3349 662 3392 et
680 3343 836 3393 conditione
861 3343 965 3393 diutius
989 3358 1038 3392 suo
1061 3348 1184 3409 tempore
1208 3344 1332 3392 stetisset
1356 3359 1388 3391 ae
1412 3342 1569 3392 florarisset'.

285 3428 296 3463 ¹
315 3435 426 3481 exarte
445 3432 569 3480 nasu.
623 3425 699 3493 aliq]
720 3428 1152 3493 qnandoquidem2.3.5.8.11.15.
1199 3428 1209 3458 ⁹
1228 3424 1400 3492 praesentem]
1419 3424 1530 3490 qit'ertim
1544 3432 1569 3477 1.

285 3516 438 3580 praesertim
453 3517 492 3563 10.
544 3513 596 3563 hoe
616 3516 712 3564 3.8.11.
765 3515 928 3570 necf.5.10.
964 3529 998 3563 uo
1017 3513 1125 3577 quidem
1144 3517 1169 3575 2,
1200 3528 1233 3562 ne
1254 3516 1323 3562 ι111,
1376 3510 1570 3577 ⁴iatelligaut

286 3604 383 3651 nan.
414 3615 493 3665 quum
514 3614 555 3648 me
574 3612 666 3647 omnes
686 3597 844 3662 intelligant
862 3599 991 3647 ntensarii
1009 3602 1033 3648 8.
1086 3595 1117 3627 Μ
1136 3598 1176 3646 ita
1194 3613 1235 3646 me
1256 3599 1406 3646 2..f.5.8.ff.
1464 3595 1568 3661 6esse]

286 3686 371 3735 fuisse
391 3687 586 3736 2.3.5.8.11.15.
651 3681 661 3713 ⁸
679 3682 798 3741 Thraso,
822 3684 1009 3732 insolentissime
1026 3684 1150 3746 qlore'arsus
1168 3685 1236 3730 nattes
1258 3684 1283 3730 in
1306 3681 1418 3730 Terentii
1436 3680 1568 3732 lirinus-do.

285 3770 306 3802 ¹⁰
325 3767 437 3836 officiis]
461 3768 601 3818 iocineribus
618 3767 809 3832 dipnitetibnsae
828 3768 1012 3816 ecciesiasticis.
1067 3765 1085 3797 ¹¹
1106 3767 1204 3816 vicium
1220 3769 1317 3816 Mil.
1371 3764 1391 3795 ¹⁶
1410 3765 1483 3827 Quin
1501 3768 1568 3816 md.

284 3856 353 3905 Tum
371 3857 565 3907 assensis.
619 3851 639 3883 ¹⁸
658 3852 692 3900 iis
711 3856 777 3902 tto.
804 3851 846 3900 lris
865 3855 1059 3903 cassinis.
1120 3849 1140 3882 ¹⁹
1160 3850 1426 3901 fontinullentr'nolinm
1440 3849 1570 3899 Bononia·

284 3942 422 4004 dpnnsten.
448 3944 509 3988 ‘cient
526 3953 607 3987 uxore
626 3943 650 3985 et
665 3939 726 3998 filiis
743 3937 804 3986 urbe
822 3940 951 4000 sapuissent
969 3940 1108 3986 ementatum
1128 3935 1271 3991 Bassaniam.
1293 3936 1437 3983 Parmensis
1450 3937 1509 3996 upari
1520 3953 1568 4000 ap-

282 4027 375 4089 pidum,
395 4024 465 4072 abire
483 4026 576 4087 coepit,
595 4024 696 4087 eiusque
715 4024 815 4071 eatinrin·
831 4028 968 4071 structuras
985 4024 1080 4070 doenum
1095 4020 1194 4082 furenti·
1207 4023 1302 4083 popano
1321 4020 1507 4068 excindendam
1526 4021 1570 4070 ob·

283 4112 367 4160 ierit.''
387 4108 496 4172 (inrapiat
512 4108 615 4157 I’unoin.
628 4110 652 4155 in
665 4112 706 4155 ott.
721 4106 781 4155 Iulii
792 4112 821 4153 11.
862 4103 884 4137 ²⁰
902 4102 1031 4169 Venetos]
1049 4121 1134 4169 pupnn
1146 4106 1182 4153 nd
1193 4103 1296 4152 Glriara
1309 4103 1412 4152 d'Adda
1424 4107 1567 4163 eontrnissn,

283 4197 309 4244 d.
325 4193 363 4244 18.
378 4195 444 4258 Αρν.
459 4208 482 4241 n.
499 4189 571 4240 1509.
634 4187 653 4220 ²¹
673 4191 748 4241 Ferr.
763 4188 835 4256 duc]
855 4191 986 4253 Alsonsnm
999 4189 1138 4238 Estensem.
1202 4186 1223 4219 ²¹
1242 4185 1465 4254 conciliabulum]
1486 4190 1568 4239 Pisa·

282 4295 359 4341 uum,
391 4277 426 4328 sd
450 4273 532 4341 quod,
566 4275 600 4324 ad
623 4274 679 4326 lral.
698 4275 773 4340 Sept.
797 4291 821 4324 a.
838 4273 911 4324 1510.
930 4275 1062 4336 futurum,
1093 4275 1151 4338 ipsc
1175 4273 1298 4337 pontifex
1328 4273 1430 4321 citatus
1461 4274 1567 4327 fuerat.

281 4364 468 4414 scismaticum
487 4364 509 4410 1.
529 4361 621 4410 sciam.
639 4360 727 4426 sibique
746 4363 798 4410 Li.
852 4358 966 4410 confillo
982 4363 1002 4411 1.
1023 4361 1192 4408 Luternnenst
1213 4359 1243 4406 Γ.
1297 4356 1428 4406 faeliciter
1446 4362 1499 4409 28.
1518 4363 1569 4412 sed

283 4448 329 4498 fel.
350 4449 557 4498 assandam.
581 4453 605 4495 et
627 4447 665 4495 sie
687 4450 712 4495 in
729 4462 785 4511 sqq.
859 4443 881 4476 ²³
904 4432 971 4510 ἧλος
993 4437 1043 4493 τὸν
1065 4431 1146 4508 ἧλον,
1170 4434 1310 4497 πάτταλος
1334 4433 1384 4489 τὸν
1406 4433 1566 4493 πάτταλον.

280 4533 446 4598 flingenian.
459 4531 491 4580 V.
506 4529 545 4579 td.
559 4535 587 4580 et
604 4530 661 4580 alii.
714 4529 868 4579 ”sarranice
886 4529 1081 4578 naasson.
1133 4526 1155 4558 ²⁸
1174 4526 1245 4591 apim
1264 4523 1434 4589 ttavcnnmn}
1455 4529 1499 4576 die
1515 4544 1565 4592 pn-

279 4620 374 4669 sedatis
385 4634 409 4665 n.
425 4615 497 4665 1512.
517 4621 561 4663 ΧΧ
574 4617 641 4666 milis
657 4616 789 4672 dominnm,
807 4631 879 4680 mque
895 4616 953 4677 scre.
966 4630 1001 4662 em
1012 4620 1118 4677 iitroque
1135 4618 1209 4675 parte
1223 4626 1335 4669 sacrasacra,
1355 4626 1407 4658 erran
1422 4612 1465 4659 trs
1480 4613 1566 4662 Fran·

279 4706 406 4770 rtrpnrfliris
424 4701 544 4751 ntalsilibus
561 4709 585 4750 rt
602 4703 657 4766 ipae
675 4702 804 4750 emercitns
820 4701 883 4748 titire
902 4699 1012 4747 Gatstntte
1030 4698 1061 4746 de
1081 4696 1147 4744 Fnim
1164 4697 1225 4743 cusi
1241 4701 1304 4743 stant.
