3382 5370
494 1038 679 1115 EOCIVS
729 1041 1053 1118 llEDOLATVS.

189 1283 319 1339 Eccius.
358 1285 497 1357 Ornargnc
519 1284 618 1359 olympi
642 1292 733 1341 rector
754 1295 781 1340 ot
804 1286 893 1341 iurindi
916 1285 1026 1349 arbiter,
1428 1307 1471 1354 ui.

355 1369 406 1424 laur
430 1377 518 1425 statue
542 1371 647 1425 taiulern
671 1370 797 1443 gracilius
821 1372 947 1426 aerumnis
969 1373 1085 1428 niodum,

133 1453 199 1522 tiuhi
223 1454 293 1509 enirn
318 1454 343 1508 iu
367 1454 448 1509 tantis
471 1454 547 1509 riualis
569 1454 640 1510 aliiul
663 1472 770 1525 agerem
794 1473 872 1528 quiam
895 1451 1077 1530 conputaret
1105 1466 1149 1513 aut
1179 1466 1220 1512 est
1248 1467 1413 1532 ptaratragm·

111 1539 230 1599 scillite?

355 1629 375 1679 o
399 1623 486 1698 qualis
507 1634 595 1680 crater
618 1625 733 1681 ethnam
757 1627 818 1698 igne
842 1627 959 1681 reiectus

355 1710 406 1765 Per
428 1710 555 1765 alilicturu
579 1710 642 1764 inihi
666 1720 691 1766 ct
717 1711 896 1766 miserantium
919 1728 1019 1781 corpus

355 1795 470 1851 Summis
493 1812 506 1849 a
529 1794 651 1850 iriunihus
675 1797 700 1851 iu
724 1797 792 1851 iuius
814 1804 938 1870 penetrat
959 1798 1041 1870 peiles

356 1880 426 1935 'lolio
449 1879 569 1935 uralehco
593 1879 708 1953 hilisque
732 1881 844 1936 humore
868 1898 974 1943 antarii:

356 1965 424 2032 Quin
448 1966 507 2020 huis
531 1965 677 2021 viscerihns
700 1983 827 2022 succensa
848 1966 933 2022 currit
957 1965 1014 2023 lues

355 2049 479 2105 Flammis
503 2049 628 2106 violentis
650 2068 757 2106 caruem
780 2051 848 2107 hauc
869 2052 1025 2125 depascens.

353 2134 424 2191 l'roh
448 2153 526 2208 urrant
550 2153 648 2191 saevum
672 2135 723 2192 hoc
746 2135 844 2191 nialurn
866 2144 922 2197 cst.
947 2135 1058 2192 incaluit
1080 2135 1169 2196 aulor.

355 2220 412 2275 Urit
435 2220 529 2280 lihras.
552 2219 616 2276 lello
639 2221 738 2276 siccato
762 2221 837 2276 ardet
860 2220 942 2282 iecur,

354 2306 380 2361 ln
404 2313 480 2360 artus
502 2306 587 2379 pestis
611 2315 637 2360 et
661 2323 721 2360 ossa
744 2306 801 2361 nac
822 2305 879 2360 (lira
903 2306 1003 2361 incitlit.

100 2411 122 2449 is
355 2391 425 2452 lieu,
448 2390 515 2453 heu,
538 2389 636 2445 malum
660 2391 711 2447 lior..
734 2399 847 2450 tetrum,
871 2400 958 2446 aestuo
982 2400 1055 2447 totus
1078 2390 1168 2447 miser.

131 2474 216 2535 iterio,
241 2491 319 2547 puer,
343 2476 516 2536 ‹tatitharuum
540 2476 686 2532 esluiustus
708 2484 765 2538 cst,
796 2477 893 2532 iteruin
917 2476 1006 2550 imple.
1052 2477 1148 2531 iterum
1171 2476 1328 2532 cantharum
1353 2475 1409 2537 tihi,
1426 2485 1471 2533 he.

132 2578 212 2635 puer.
235 2559 310 2619 ilico,
335 2560 431 2615 iteruin
456 2560 537 2635 reple.
575 2579 665 2616 cessas
688 2563 738 2616 trel
763 2563 859 2617 iterum
882 2561 963 2617 cerlo:
994 2581 1009 2617 o
1033 2561 1093 2634 quis
1116 2561 1196 2624 ister.
1222 2582 1238 2615 o
1261 2561 1321 2635 qius
1343 2561 1411 2617 lihe-

133 2663 182 2701 nus
205 2662 279 2700 ineos
302 2645 472 2718 extingueret
494 2653 627 2719 vapores?
650 2647 714 2720 quin
737 2664 785 2703 nec
807 2654 886 2721 pater
908 2648 1028 2703 tlceanus
1051 2647 1116 2721 ipse.

195 2730 288 2784 l‘uer.
325 2732 359 2784 nt
382 2738 423 2792 tu.
448 2731 525 2792 here,
550 2738 651 2803 ‹peranto
674 2731 735 2806 plus
759 2731 841 2793 bibis,
865 2740 941 2788 tanto
958 2731 1019 2806 plus
1034 2733 1110 2795 sitis,
1134 2731 1196 2806 quisi
1218 2731 1289 2786 enim
1304 2731 1412 2804 Lyaeum

97 2815 212 2889 culpano
235 2815 489 2889 superingurgitans
512 2815 583 2871 aliiul
606 2816 679 2890 agis,
709 2835 787 2890 rpeiam
810 2818 881 2891 quoil
905 2817 1036 2873 llamiuaru
1060 2819 1121 2891 igne
1144 2817 1303 2890 extinguere
1333 2833 1413 2871 cona-

132 2901 187 2955 ris?
216 2900 290 2967 ihioul
314 2900 336 2954 si
360 2909 386 2955 tc
409 2900 515 2973 liquere
538 2919 607 2975 puro
630 2909 657 2957 et
679 2920 693 2957 a
717 2899 846 2958 Semeleia
871 2902 947 2975 prule
976 2903 1097 2958 seiuncto
1127 2903 1331 2974 refrigerasset,
1364 2918 1413 2956 nec

133 2994 160 3040 tu
186 2986 220 3040 ita
245 2993 387 3047 restaures,
418 3003 466 3042 nec
489 3004 540 3059 ego
563 2985 643 3042 hoilie
665 2987 821 3043 cantharum
845 2987 1010 3060 porrigemlo
1033 2987 1099 3043 adeo
1121 2987 1285 3058 defatigatus
1314 3003 1409 3041 esseni.

196 3069 326 3125 lleeius.
369 3070 465 3144 tripu.
509 3072 632 3134 furcifer,
672 3072 777 3127 hiscere
816 3071 917 3126 aniles?
951 3072 1016 3145 quin
1049 3071 1259 3146 philosophatur
1294 3070 1468 3138 uehulo‘lun.

131 3156 305 3216 tantinum,
340 3155 462 3229 inpiam,
496 3156 576 3217 cedri,
611 3166 712 3230 titoque
747 3155 836 3211 olheio
867 3156 992 3227 iungere,
1026 3166 1053 3212 et
1086 3166 1176 3212 tacens
1210 3155 1331 3229 qiiitloru.
1366 3164 1411 3211 aut

97 3259 183 3313 mogo
208 3240 270 3294 tihil

195 3327 289 3381 l'uer.
329 3329 361 3380 ht
384 3344 436 3399 ego
459 3326 492 3381 ah
515 3326 603 3380 olheio
628 3341 687 3380 nien
711 3325 778 3380 liauil
803 3324 919 3380 alienum
942 3326 1083 3400 putabam,
1113 3326 1135 3380 si
1165 3343 1225 3398 quae
1249 3324 1350 3397 optima
1373 3326 1412 3380 lo·

133 3419 192 3466 rent
215 3411 281 3465 hero
304 3411 458 3466 suasissem.
496 3411 567 3483 «procl
591 3411 612 3465 si
636 3409 721 3482 uiagis
745 3409 962 3483 obtemperasses
993 3411 1117 3471 incurritis.
1152 3427 1201 3465 uec
1227 3408 1278 3464 suh
1307 3409 1412 3464 initium

131 3513 191 3551 cum
215 3512 322 3555 mamis.
355 3496 436 3568 peiles
459 3504 486 3551 et
508 3503 588 3570 caput
612 3495 682 3549 iuter
704 3494 901 3552 verhalissiiuas
924 3513 1024 3567 nugas.
1053 3495 1186 3550 ‹lenmntis
1210 3495 1308 3554 instar,
1338 3493 1412 3550 iacti·

133 3580 220 3641 tulum,
245 3597 273 3633 ae
297 3587 356 3634 toto
378 3597 495 3654 corpore
518 3579 633 3635 laliularn
658 3578 786 3640 saltahas.
811 3581 975 3654 insuperque
998 3582 1151 3635 Stentorern
1174 3579 1291 3634 clauiore
1314 3596 1412 3652 estipe-

100 3665 226 3725 auruhas,
262 3664 327 3720 culeo
352 3664 521 3727 incaluisses‚
557 3683 604 3721 nec
627 3682 697 3720 uiroc
720 3665 826 3738 ipiitlcm
851 3673 903 3721 larii
927 3664 1022 3721 acerbe
1051 3664 1111 3720 sitis
1141 3665 1197 3720 haec
1226 3673 1252 3719 te
1280 3664 1413 3721 cruciaret

132 3749 265 3805 Tantalea.

198 3930 230 3964 ²¹³
244 3934 340 3984 senec.
349 3934 432 3983 Here.
446 3934 497 3983 iur.
510 3933 568 3983 205.
582 3949 622 3998 sq.
643 3933 674 3982 ln
686 3952 742 3999 sqq.
756 3937 830 3982 etium
836 3934 958 3983 Senecam
967 3934 1174 3999 parutrupmrliat
1186 3936 1329 3997 aescinnes.
1343 3949 1411 3998 apr.

132 4019 213 4066 llere.
224 4017 285 4066 Oet.
297 4015 368 4065 1222.
380 4017 450 4066 1277.
465 4046 495 4051 ·-
510 4018 721 4069 Contumelioste
735 4017 953 4083 compellationes
966 4017 1081 4084 singulm
1094 4035 1126 4067 ex
1139 4018 1236 4084 (peribus
1249 4019 1412 4069 comicorum

131 4100 200 4151 locis
219 4107 333 4166 sttmptte
351 4103 418 4159 sint,
439 4103 571 4153 adnotare
590 4103 661 4153 nolo.
712 4100 899 4167 ‘computista
918 4106 941 4155 1.
986 4104 1212 4168 paratragcilinre
1226 4107 1250 4153 2.
1260 4106 1285 4152 3.
1334 4100 1354 4134 ¹¹
1371 4119 1412 4153 se·

131 4203 192 4236 iriam
214 4190 268 4235 r.2.
328 4185 349 4218 ¹⁶
368 4192 444 4236 cstuo
464 4191 520 4237 1.2.
584 4187 606 4219 ²⁰
624 4187 746 4252 Lyaeum]
766 4188 920 4250 Bacchum,
941 4190 1041 4239 virium.
1110 4185 1129 4219 ¹¹
1150 4188 1238 4238 Semel
1258 4185 1336 4253 prol]
1355 4190 1412 4237 item

131 4292 164 4315 =
182 4272 254 4322 vino.
325 4270 379 4303 ²⁹⁴⁰
398 4272 487 4333 „Quis
505 4288 559 4322 non
578 4273 673 4322 croslet
691 4276 845 4335 auctorem,
870 4289 931 4324 cum
949 4274 1008 4324 liaec
1027 4274 1174 4335 scriberet,
1199 4274 1353 4338 respexisse
1378 4273 1412 4322 etl

133 4356 278 4422 epistulam
298 4356 461 4405 hdolmuuni
475 4357 509 4406 nd
521 4358 753 4407 Pirchheimerum
773 4357 813 4422 (in
832 4359 988 4408 Heumanni
1006 4359 1111 4410 (locum.
1125 4358 1166 4407 lit.
1184 4375 1209 4424 p.
1226 4357 1292 4420 loo.)
1311 4357 1412 4423 ‘qualis

134 4442 252 4491 ‘veroin
271 4441 476 4506 pronunciando
495 4457 524 4491 se
545 4442 701 4492 exhibuerit
719 4443 854 4509 (Eccius),
875 4445 973 4510 paucis
992 4445 1104 4509 accipe:
1123 4459 1185 4494 nam
1204 4443 1266 4493 (lum
1286 4443 1320 4493 ad
1333 4459 1411 4493 ornn-

134 4527 204 4576 ‘dum
223 4525 358 4591 pulpitum
378 4526 528 4576 ascendero
547 4527 644 4590 vellet,
670 4529 758 4578 induit
775 4545 804 4578 se
824 4529 926 4594 capitio
945 4529 998 4578 isto
1017 4528 1204 4594 theologorum
1223 4527 1341 4594 pellibus
1365 4544 1410 4578 cs-

134 4613 228 4677 ‘prinis
246 4610 358 4661 srrtiulto
381 4611 488 4674 (decrat
507 4612 578 4661 enim
598 4613 624 4661 ei
643 4613 716 4662 aliud
735 4614 769 4663 ob
788 4629 864 4663 sumn
888 4614 1085 4678 profusionemi
1110 4631 1142 4665 ac
1166 4613 1275 4679 longam
1299 4619 1359 4680 post
1381 4630 1410 4663 se

135 4699 259 4747 ‘eaiirlum
279 4698 405 4756 trahens,
432 4703 558 4762 motuque
578 4697 699 4762 corporis
717 4696 786 4746 nihil
806 4697 880 4747 slirul
904 4713 984 4763 (piram
1002 4698 1161 4749 histrionem
1180 4714 1279 4766 agens,
1305 4705 1333 4749 ct
1350 4715 1411 4750 cum
