3382 5370
335 417 450 452 arationi
471 417 576 453 serrata
595 418 711 453 esserra
730 418 854 453 sasaim.
874 401 915 470 [7.]
936 418 1080 455 enarrare
1099 419 1254 456 aaarsrnrs.
1359 389 1430 460 595

214 575 430 632 Franciscns.
467 575 589 633 Cuenllio
612 577 657 632 ille
680 594 796 651 gunnam
818 594 846 632 se
869 577 1024 652 proripuit?
1371 613 1373 617 ν
1441 581 1499 632 tlt.

214 661 398 717 lluttenns.
436 660 537 725 Evasit,
561 662 688 718 subduxit
710 680 782 726 sese,
805 661 957 719 mortalium
981 662 1100 719 emnium
1123 663 1326 721 eviratissimus.

216 746 433 803 Francisens.
471 747 515 803 Vis
538 747 589 804 lrec
611 748 725 822 principi
749 745 881 805 inilireml
902 765 962 803 nam
985 748 1048 803 milri
1072 765 1238 823 nequaqnam
1262 767 1306 805 res
1328 751 1441 807 videtur·

154 831 271 894 laniem,
301 832 326 887 in
349 830 408 887 aula
432 832 527 888 frivole
549 833 680 908 impetere
710 833 843 889 hominem
871 832 1028 896 militarem,
1061 833 1174 890 maxime
1203 843 1292 890 autern
1321 854 1431 892 venene.

133 917 217 991 aquit
247 917 353 973 tandem
382 934 436 972 nen
459 917 485 972 in
509 917 596 990 ipsum
618 917 698 974 etiam
722 917 864 974 tentabunt
886 918 1053 992 principem?

216 1001 237 1057 ll
247 1010 400 1058 nttenns.
437 1001 582 1064 Pervelim:
611 1003 657 1058 seii
683 1020 780 1059 vereor
801 1019 834 1058 ne
856 1003 932 1077 prius
954 1003 1023 1076 apnrl
1047 1002 1117 1060 lmne
1140 1003 1250 1060 insidias
1272 1005 1337 1062 milri
1359 1014 1431 1062 stru·

152 1086 235 1147 serit.
264 1097 310 1143 arrl
338 1086 376 1142 illi
401 1086 469 1143 false
492 1086 678 1161 suggillaverit
700 1086 836 1147 nonnihil.
866 1088 911 1160 qni
940 1087 1047 1143 illorum
1070 1088 1208 1144 hominum
1231 1107 1290 1146 mes
1317 1100 1373 1152 est.
1401 1101 1428 1147 nt

152 1172 247 1228 nullibi
270 1189 324 1228 nen
347 1172 502 1228 srrll'umlant
524 1181 629 1229 acetum
652 1171 691 1227 rel
714 1173 838 1245 irigirlam
860 1190 965 1246 agnam.

215 1257 428 1314 Francisens.
465 1256 535 1313 Nihil
559 1257 651 1313 elrest:
675 1258 735 1313 nan
759 1259 889 1332 optimum
912 1275 942 1312 ae
964 1257 1182 1332 sprrrerissimrrm
1196 1259 1368 1333 lmperateris
1392 1258 1499 1317 inlli-

121 1342 278 1416 regentum.
301 1343 347 1418 qui
370 1360 424 1399 nen
448 1351 500 1398 tem
523 1342 577 1399 eitn
599 1342 746 1416 acquiescit
767 1341 935 1399 arlnlaternm
958 1343 1104 1405 susurriis,
1135 1360 1228 1400 earnm
1252 1345 1362 1401 inarime
1386 1347 1431 1420 gni

152 1428 178 1484 in
203 1429 328 1485 universe
351 1427 417 1484 erlre
440 1427 506 1483 nihil
529 1428 579 1484 nisi
602 1446 688 1501 nugas
711 1427 851 1483 seminant.

215 1513 394 1571 llnttenns.
431 1513 535 1569 lnterea
565 1530 619 1587 quo
647 1529 689 1569 me
718 1512 858 1587 recipiam.
888 1512 995 1586 quande
1018 1529 1051 1568 ae
1072 1512 1225 1588 Principum
1248 1512 1316 1571 aulae
1339 1514 1438 1572 liberer:

151 1608 215 1654 sunt
237 1598 269 1655 alr
291 1598 415 1655 iniuriis?

214 1683 440 1740 Francisens.
476 1683 515 1738 Ari
539 1682 674 1758 speculam
698 1691 769 1740 tuam
786 1680 1034 1756 Steelrellmrgium:
1057 1681 1112 1738 illie
1133 1683 1261 1741 delitesce
1276 1680 1499 1762 pammper,l·¹·'³·

121 1767 238 1825 tartense
261 1769 398 1826 transierit
421 1776 576 1843 tempestas.

215 1854 399 1911 llrrltenrrs.
436 1852 504 1921 Quid
527 1854 549 1908 si
572 1855 674 1910 interea
697 1851 774 1909 malis
796 1853 923 1909 aelrlirlern
954 1852 1036 1912 mala.
1065 1869 1095 1910 ae
1126 1853 1151 1909 in
1173 1854 1329 1911 concinnem
1352 1856 1431 1912 ailre-

150 1956 246 1995 earere
269 1940 417 1996 Germanos
439 1939 561 2002 omneis,
584 1939 723 2013 suppetias
744 1946 775 1993 nt
799 1939 902 1994 ierant?

214 2024 432 2080 tranetscns.
468 2023 524 2080 llne
554 2041 587 2080 ne
615 2032 658 2080 est
685 2022 783 2079 malurn
812 2023 910 2079 ailrlere
938 2023 1026 2079 male?
1056 2022 1148 2080 lieelrit
1170 2032 1197 2080 et
1220 2025 1333 2082 'lineam
1357 2027 1430 2082 inre·

150 2126 228 2171 nare.
252 2110 274 2165 si
296 2109 440 2165 Christiani
464 2109 592 2165 iustitiam
616 2127 669 2165 narr
692 2108 814 2164 iecerint.
858 2125 948 2164 verum
972 2107 1078 2163 felicius
1099 2108 1185 2164 multe
1202 2126 1245 2164 res
1260 2111 1353 2167 cedet:
1375 2129 1429 2167 nrrn

116 2195 222 2250 ttenirn
246 2204 297 2251 tarn
320 2204 427 2267 gratrrm
450 2202 491 2251 est
513 2194 583 2270 apml
606 2211 654 2250 ees
675 2191 727 2250 hoe
749 2192 888 2248 hominum
911 2210 1013 2264 grans,
1036 2203 1066 2248 nt
1088 2193 1191 2250 «lintius
1213 2197 1352 2252 numinum
1373 2198 1429 2252 rire

150 2279 272 2336 silerent.

215 2364 396 2422 llnttenus.
434 2364 534 2420 Suarles
557 2363 641 2438 igitur
663 2362 761 2418 bellum
787 2362 899 2418 indicam
920 2362 1089 2419 Cnrlisanis?
1438 2365 1498 2414 tlt.

213 2450 426 2507 l'raneiseus.
463 2450 519 2506 lme
541 2459 569 2505 et
590 2456 704 2505 mertem
726 2456 753 2503 et
775 2447 883 2503 exilium
912 2448 933 2502 si
963 2448 1165 2522 imprecareris.
1193 2466 1248 2505 nnn
1270 2449 1428 2523 prnlrilrelm.

152 2536 235 2591 Amlis
258 2537 414 2593 insonantes
431 2536 628 2591 taratantaras‘?
656 2532 773 2589 rrrnrlnm
797 2533 861 2589 milri
884 2541 926 2588 est
948 2533 979 2589 ael
1003 2532 1103 2597 aulam:
1134 2534 1187 2590 illie
1211 2552 1266 2590 rem
1289 2544 1362 2590 trram
1384 2553 1429 2591 ea·

116 2630 142 2666 ’ὣ
152 2621 270 2693 pediam:
295 2631 322 2677 tn
346 2621 454 2677 interim
475 2638 538 2676 eura
562 2629 592 2675 nt
615 2630 691 2676 tutus
713 2620 760 2674 sis.

440 3226 763 3305 HVTTENVS
800 3223 1137 3300 ILLVSTRIS.

594 3464 984 3518 INTERLOCVTORES

692 3584 883 3637 Hvrrssn'vs

706 3670 870 3722 ventres,

116 3816 142 3855 ³⁰
216 3811 368 3869 lluttenn
379 3833 400 3869 s.
438 3813 499 3869 ttae
521 3813 631 3887 premia
656 3822 698 3868 tua
722 3820 799 3873 sunt.
823 3811 880 3867 liae
902 3809 1033 3885 premissa
1057 3806 1193 3882 fidesque?
1437 3748 1482 3797 Μ’

213 3897 360 3954 Veritas.
396 3898 463 3966 Qum
486 3915 580 3973 qrrmsn
603 3899 642 3952 sie
665 3896 855 3957 stemarlraris,
878 3894 1043 3951 raelailissime
1065 3892 1200 3949 llnttene?

213 3982 399 4040 llnttrnns.
436 3982 553 4050 Qirmris.
576 4000 636 4039 enm
658 3999 700 4038 me
722 3981 811 4036 rideas
833 3980 1015 4055 prescriptum
1037 3977 1271 4034 allemanensinm
1295 3976 1426 4050 tyranne?

212 4068 360 4124 Veritas.
397 4068 450 4123 Cirr
472 4068 529 4124 lime
551 4067 614 4122 milri
639 4066 749 4129 trilrrris.
772 4073 818 4122 aut
840 4083 898 4121 mea
922 4064 1015 4120 terlma
1040 4063 1090 4119 lrne
1113 4064 1211 4119 laetum
1234 4062 1292 4117 est?

214 4153 396 4209 llntlenus.
433 4153 488 4209 'lna
511 4153 619 4226 ntique.
643 4162 686 4207 tua
709 4169 802 4207 caussa
824 4149 921 4206 ultime
942 4149 1094 4205 destinatas
1117 4165 1174 4203 sum
1197 4146 1340 4221 supplicio.
1435 4171 1480 4220 aa.

117 4246 121 4277 ³
213 4238 364 4294 Veritas.
400 4237 578 4298 elementis,
603 4237 732 4298 llnttene,
755 4235 914 4292 clementius
937 4251 1016 4308 quam
1039 4232 1134 4289 ultime
1156 4231 1299 4307 supplicia.

212 4322 394 4379 lluttrnns.
431 4323 485 4379 lmo
507 4321 635 4378 atracias.

213 4409 362 4464 Veritas.
399 4406 480 4464 Esto:
510 4406 568 4463 hae
590 4423 647 4462 mea
670 4406 780 4463 maxima
803 4412 867 4461 sunt
889 4403 1015 4480 praemia.
1043 4411 1070 4459 et
1099 4420 1168 4477 qrres
1196 4401 1345 4476 praesignes
1367 4401 1422 4457 elli·

147 4557 348 4568 ..—-——

214 4663 225 4688 '³
243 4660 286 4711 Cf.
300 4659 390 4710 Plnnt.
404 4658 471 4710 ctat.
485 4656 621 4724 illenim.
634 4656 715 4710 Cure.
729 4659 750 4710 1.
763 4656 812 4721 3‚.t.
864 4655 885 4689 ¹⁸
902 4655 928 4707 d.
940 4654 982 4705 26.
996 4653 1058 4705 Oet.
1072 4671 1099 4704 a,
1113 4651 1184 4703 1520.
1198 4669 1213 4702 e
1226 4650 1425 4717 Sleelrelberge

147 4747 266 4812 scriptae
283 4745 400 4796 Hutteni
419 4745 526 4794 litteras
544 4744 631 4794 habes
654 4742 707 4795 rel.
727 4744 748 4793 1.
761 4759 787 4809 p.
800 4742 859 4792 ter.
911 4741 933 4773 ¹⁰
950 4737 1034 4806 mala]
1052 4737 1121 4788 mals
1140 4740 1163 4787 t.

1139 4820 1203 4885 38⁸
