3382 5370
215 341 287 410 464
398 371 501 406 ΟΒΔΤΙΟ
520 371 556 406 AD
575 372 715 407 Clllllss'l'l'll
735 373 795 406 01'T.
811 373 876 406 ΙΛΧ.
891 373 943 406 ruo
963 373 1039 407 avuto
1061 373 1092 409 11.
1107 373 1210 407 Llovntt
1230 373 1253 407 1‘.
1268 374 1296 409 Ι.

214 537 244 584 ut
265 528 309 585 bio
330 528 412 585 lulius
434 529 501 585 lulio
524 529 642 604 placeat,
666 530 809 605 audiatque
824 529 983 605 pestilentes
998 529 1152 587 adulatores
1166 530 1260 587 loliani
1276 530 1393 587 nominis
1414 548 1492 586 orares

213 613 241 668 in
267 613 364 671 omium
395 613 536 677 tollentes,
569 633 602 670 no
633 615 704 672 forto
731 616 868 673 conlatior
897 615 994 690 aliquis
1022 617 1083 672 vitro
1112 615 1312 672 similitudinem
1342 633 1494 689 agnoscens

214 699 314 755 snitum
337 700 400 756 item
423 699 537 755 similem
560 700 736 774 imprecetur:
759 702 806 757 seii
827 701 936 758 Petrum
960 700 1011 756 sibi
1033 709 1183 775 proponat,
1207 701 1249 757 cui
1273 701 1330 775 ipss
1352 709 1494 756 tonsores

214 786 360 859 pascendas
381 784 554 847 commisisti.
579 785 625 840 soil
647 802 701 842 non
724 786 775 842 nisi
798 795 841 842 tor
862 802 979 842 amorem
1002 785 1143 860 professo,
1176 786 1253 842 cuius
1282 787 1340 842 bms
1367 795 1409 841 est
1432 803 1494 839 voro

215 869 352 944 pontificia
374 887 423 926 vor
446 871 473 925 in
495 869 648 944 evangelio;
672 870 761 933 ‘Eoos
784 888 834 926 nos
857 870 1016 946 reliquimus
1038 872 1140 934 omnia,
1169 879 1196 927 st
1219 872 1304 927 secuti
1327 888 1420 926 snmus
1443 871 1515 931 te';a

215 955 291 1011 euius
313 964 340 1011 ot
364 954 407 1010 illa
430 964 556 1012 estsere
579 955 683 1011 uroximi
706 955 841 1030 pontilicis
870 958 979 1011 ‘barrum
1008 965 1035 1011 st
1064 965 1206 1029 argentum
1234 973 1288 1011 non
1312 964 1353 1011 ost
1376 973 1494 1016 morum:

146 1041 287 1115 tanquan
310 1048 398 1096 autom
420 1040 521 1102 balino.
544 1041 595 1096 boc
619 1039 665 1095 tibi
688 1041 740 1097 ‹lo'.
782 1040 915 1109 Quantum
937 1041 1035 1097 absunt
1057 1041 1090 1096 ab
1112 1040 1160 1096 bac
1182 1039 1337 1096 excellentia
1352 1041 1424 1095 Patri
1448 1039 1494 1114 qui

213 1124 380 1202 spiritalibus
404 1127 482 1183 bonis
505 1126 612 1182 omuino
634 1127 708 1183 »vacui
732 1135 820 1182 tamon
844 1125 938 1182 titulos
967 1127 1095 1201 quosnam
1123 1134 1150 1180 st
1180 1143 1252 1182 ariera
1281 1126 1389 1200 pietatis
1418 1142 1495 1180 roca·

213 1211 276 1267 bola
298 1228 395 1285 magno
418 1213 550 1273 vestiunt.
580 1228 610 1267 ac
633 1220 736 1267 tanturn
759 1211 810 1267 boc
831 1219 998 1285 congerunt.
1022 1220 1049 1266 ot
1072 1210 1121 1265 sibi
1144 1220 1311 1283 congerunt,
1343 1210 1416 1284 quod
1438 1210 1495 1283 pri·

213 1314 274 1353 mus
295 1295 341 1352 illo
363 1307 458 1372 pastor
478 1315 507 1352 se
529 1313 583 1352 non
606 1295 704 1352 babere
725 1296 867 1369 gloriatur.
911 1294 994 1363 Quam
1017 1296 1174 1357 absurdum,
1198 1303 1227 1351 ut
1250 1296 1376 1370 pauperis
1391 1294 1491 1350 Christi
1505 1307 1529 1346 ao

214 1382 328 1438 vinarius
350 1391 451 1456 praetor
472 1399 567 1438 aarum
589 1380 654 1436 nibil
677 1381 789 1444 babeat,
812 1390 840 1437 st
863 1389 966 1438 tantum
988 1381 1085 1436 baboat
1107 1381 1164 1436 auri
1189 1390 1218 1436 ut
1241 1390 1362 1454 satrapas
1385 1396 1494 1454 quoque

146 1477 245 1527 losse
267 1485 346 1539 rogos
367 1467 479 1541 pontinia
502 1467 589 1542 possit
610 1483 793 1541 corrumpere.
837 1466 909 1522 llanc
937 1467 1021 1539 igitur
1051 1476 1103 1521 tam
1134 1466 1255 1521 onimium
1278 1465 1349 1520 Patri
1373 1464 1495 1520 sublimi·

213 1561 296 1609 tatem
319 1569 415 1625 magno
438 1552 525 1608 animo
547 1550 647 1607 atribiat
668 1550 750 1607 lulius
774 1561 849 1613 tuns,
877 1559 907 1606 ut
929 1569 990 1606 roro
1014 1560 1075 1607 tuus
1098 1551 1149 1606 atei
1172 1551 1273 1625 possit;
1301 1568 1416 1624 ourrtquo
1439 1565 1493 1605 nou

214 1636 301 1694 solum
324 1638 396 1693 ritiis
419 1636 542 1692 onanibus
564 1635 662 1697 libera.
686 1646 715 1692 nt
737 1635 854 1711 populns
877 1646 941 1691 tuus
964 1636 989 1690 in
1014 1635 1060 1691 illo
1085 1636 1122 1690 tui
1147 1636 1232 1691 videat
1255 1636 1411 1709 imaginem.
1439 1651 1493 1690 rron

214 1721 334 1785 Satanm;
367 1739 459 1778 verum
486 1722 565 1778 otiam
595 1721 767 1777 imilissirnntn
796 1721 880 1776 obruo
908 1720 1003 1776 lauram
1034 1739 1093 1794 quau
1122 1720 1153 1776 ale
1185 1720 1233 1776 illo
1261 1729 1320 1776 toto
1349 1721 1399 1776 iam
1428 1719 1528 1774 orboto

214 1816 346 1863 terrarum
370 1806 451 1880 longo
473 1805 580 1881 latoque
602 1805 709 1869 volitat.
732 1806 799 1862 adso
822 1806 909 1880 turpis
933 1815 962 1862 ut
984 1806 1036 1880 piis
1058 1823 1111 1861 non
1128 1804 1209 1861 libent
1224 1806 1348 1866 croatorr,
1372 1805 1418 1860 soal
1434 1821 1494 1859 rnr-

216 1910 274 1948 sum
297 1893 364 1948 arloo
385 1899 512 1948 constans
535 1901 565 1947 nt
587 1889 653 1947 nulli
678 1891 790 1947 mendas
811 1891 893 1946 aitiori
917 1891 1018 1965 possit:
1042 1909 1101 1964 qum
1125 1891 1231 1964 quialom
1256 1891 1333 1946 bonis
1349 1888 1492 1949 inentibus.

216 1995 282 2052 quas
306 1986 367 2033 tuus
389 1977 502 2051 spiritus
523 1976 637 2038 afflavit,
666 1976 798 2051 suspiria.
828 1976 971 2049 gemitum,
1000 1975 1122 2031 ‹lolorom
1145 1975 1266 2036 adalunit.
1296 1982 1422 2031 raetorum
1445 1975 1494 2028 bo·

215 2062 302 2119 stibus
325 2062 384 2118 odoi
408 2062 490 2118 risum
513 2079 543 2117 ac
565 2061 729 2134 voluptatrm
751 2062 852 2122 adfert,
880 2061 950 2135 apml
979 2079 1047 2134 quos
1074 2060 1110 2116 ob
1132 2059 1244 2116 alienam
1269 2061 1402 2116 inlnrniam
1425 2058 1493 2114 mals¹

148 2148 288 2204 §.usauria
310 2147 506 2203 sanctissimum
529 2165 625 2203 nomon
648 2154 736 2201 tuum:
770 2154 907 2220 promatur
930 2146 1013 2219 igitur
1035 2147 1090 2201 banc
1114 2145 1250 2201 tntnrrima
1274 2147 1350 2201 lanias
1373 2144 1529 2205 burniua‚m

214 2233 260 2288 soal
283 2240 422 2307 prematur
443 2249 497 2287 non
520 2231 629 2288 silentio
653 2231 798 2306 tyrannicis
821 2231 920 2287 inalinto
943 2232 1036 2290 minis.
1072 2239 1102 2286 nt
1130 2230 1242 2286 ritlicnln
1271 2231 1343 2304 apuoal
1370 2230 1492 2284 bomines

214 2317 303 2373 sciunt
326 2317 428 2373 nosoiro
450 2327 596 2391 cogantur,
620 2316 692 2391 quoal
715 2317 805 2372 vitem
827 2334 881 2371 non
898 2316 985 2371 villers
1000 2315 1213 2390 compellantur.
1237 2316 1309 2389 quoal
1325 2315 1414 2370 aniano
1431 2332 1493 2369 sorr

214 2410 341 2477 rectoque
363 2402 484 2475 stigitant
506 2401 581 2478 loqui
604 2410 741 2463 vetentur,
765 2402 810 2457 soal
834 2402 890 2475 ipss
912 2400 1105 2457 efficacissimis
1128 2401 1307 2474 argumentis,
1333 2400 1357 2454 i‹l
1373 2408 1415 2455 ost
1432 2400 1493 2455 vita‘

183 2480 187 2489 ’
214 2486 356 2562 exemplis.
380 2487 517 2543 hominnm
541 2486 751 2544 maledicentiam
774 2487 931 2559 auilargnat.
961 2485 1065 2541 sublata
1088 2487 1194 2548 fronto,
1224 2487 1293 2542 analo
1317 2485 1379 2541 loedi
1403 2501 1494 2541 moros

216 2581 319 2630 scatere
341 2571 443 2634 solent,
476 2581 505 2628 ut
528 2572 578 2628 iam
601 2571 689 2627 bonus
710 2571 744 2626 sit
775 2571 842 2627 natan
871 2571 922 2627 also
951 2570 976 2625 in
1006 2572 1084 2627 vitam
1114 2570 1244 2631 bdelium.
1277 2588 1331 2626 non
1361 2569 1528 2644 postilrnsaa

147 2660 298 2714 §.nntmtnr
320 2658 347 2712 in
370 2657 514 2731 perniciem
543 2655 704 2731 simplicium
731 2657 886 2712 aniannnnn.
931 2655 991 2710 llasn
1020 2666 1060 2718 tr.
1096 2656 1171 2717 losa,
1206 2674 1256 2730 pro
1285 2674 1334 2712 sno
1366 2654 1494 2729 pontifico

216 2743 267 2818 piis
290 2743 359 2798 rotis
382 2750 441 2797 orat
463 2760 528 2815 gros
551 2749 627 2796 tuus:
657 2741 702 2814 qui
732 2741 753 2796 si
777 2759 827 2815 pro
849 2740 916 2796 lulio
939 2759 992 2797 raon
1022 2751 1141 2797 irroretur·
1170 2741 1269 2803 assiliri,
1298 2742 1356 2815 ipse
1386 2758 1494 2814 quassu·

215 2846 273 2884 mus
296 2826 449 2901 pontificem
472 2844 552 2900 agero
580 2843 634 2881 nam
663 2826 797 2898 graveris,
831 2844 919 2900 troque.
947 2816 1058 2900 patiaris
1086 2836 1116 2882 ut
1144 2827 1223 2882 unius
1253 2825 1292 2881 rel
1321 2826 1421 2881 insania
1451 2823 1492 2879 vol

214 2913 337 2987 impietas
360 2919 459 2968 tantam
486 2921 589 2986 postem
617 2910 719 2967 aallorat
747 2911 827 2966 robus
856 2911 986 2967 burnonis.
1037 2911 1126 2967 Esnita
1155 2911 1279 2985 spiritum
1309 2911 1348 2966 rel
1377 2909 1494 2966 basiolis

213 2997 344 3060 alicuius,
367 2997 412 3071 qui
436 2997 508 3052 sonis
531 2995 644 3071 improbi
667 2996 792 3053 retundat
815 2996 961 3060 insaniam:
985 3014 1033 3051 nec
1056 2997 1165 3052 omnino
1188 2997 1246 3052 sinn
1269 3013 1394 3070 sponsam
1418 3005 1529 3050 tunnam

214 3083 311 3139 fucatis
334 3081 420 3138 titulis
442 3090 469 3137 st
491 3081 662 3138 commutatis
684 3098 774 3137 rernm
797 3080 932 3137 vocabulis
961 3099 1030 3137 novo
1060 3082 1208 3156 tyrannidis
1238 3098 1336 3154 grume
1365 3080 1493 3154 opprimi,

214 3167 260 3242 qui
284 3168 348 3223 rivis
370 3176 397 3222 ot
419 3183 516 3241 rogans
538 3184 598 3223 oum
621 3166 671 3221 ileo
693 3175 770 3240 patre
793 3166 818 3221 in
842 3167 945 3223 unitnto
968 3166 1081 3240 spiritns
1104 3167 1203 3227 satiati.
1227 3167 1306 3224 alens.
1334 3181 1382 3237 por
1403 3165 1492 3221 onmia

213 3252 303 3309 secula
326 3251 487 3309 soculorum.
529 3254 620 3308 Amen.

806 3404 896 3445 ritus.

533 3574 565 3615 lu
588 3574 748 3616 (intinnula
772 3575 898 3614 TANDEM
921 3573 975 3613 IAM
999 3572 1158 3614 SAPIENTE.

280 3744 290 3773 ³
310 3745 414 3807 llvnrag.
428 3758 484 3793 sse.
498 3743 555 3792 lon.
570 3741 642 3791 XXI.
658 3740 696 3790 15.
711 3755 769 3805 sqq.
804 3738 815 3770 ⁵
831 3741 938 3805 Erong.
952 3755 1008 3790 sno.
1022 3740 1121 3789 blattb.
1135 3741 1207 3790 XlX.
1221 3740 1262 3790 27.
1297 3739 1382 3790 lllet.
1397 3740 1494 3806 Apost.

214 3827 302 3878 Illo.
366 3826 585 3892 “spiritualibus
604 3829 627 3874 6.
679 3824 800 3889 lmsgni
819 3827 842 3873 o.
890 3829 1171 3889 olscongmminb.
1231 3824 1248 3856 '¹
1269 3821 1406 3889 satrapas]
1427 3826 1493 3874 Per·

212 3929 396 3976 sorunrrepes.
460 3911 480 3944 ¹⁴
500 3913 633 3974 inmagines
648 3913 673 3961 3.
736 3909 756 3941 ²¹
777 3907 872 3974 [plotio
892 3913 917 3959 3.
980 3907 1493 3974 ²³·curant.epatoacoslt.tt.

212 3997 234 4030 '⁹
253 3997 295 4049 Cl.
309 3997 403 4062 proph.
416 3996 526 4047 Daniel.
540 3995 616 4044 xtlt.
630 3994 672 4043 45.
686 4009 743 4059 sqq.
795 3993 817 4025 ³³
835 4010 898 4043 smr.
913 3997 936 4043 6.
