3382 5370
345 372 419 423 Vlll.
489 385 620 421 avimus.
641 384 800 420 arrisimus.
859 379 1198 416 aaranoovsnrranmcrs.
1235 362 1317 428 (tt-ao.)
1398 346 1469 417 317

1394 530 1464 565 latites

251 563 360 605 arms.
400 542 460 617 Ego
483 558 551 600 vero
573 539 668 599 inanis
690 538 766 598 batul
789 556 864 597 snm
1394 572 1463 608 m„

251 663 424 707 rrvrucsra.
463 641 582 709 Nescio,
606 642 660 701 nisi
676 647 816 719 qtrantum
833 659 866 700 ex
883 647 911 700 te
927 638 1015 699 oioiet
1030 637 1134 703 moon,
1157 654 1224 697 cum
1239 635 1337 696 aiebas
1353 653 1417 695 esse
1431 642 1469 695 te.

251 767 360 807 avena.
400 744 527 804 Pecunia
549 742 696 811 dicebam,
721 750 750 804 et
772 744 856 819 trogo
879 741 1037 801 bnctilera.

252 867 422 909 armenus.
454 844 537 906 bliutl
552 852 705 905 astantem
720 863 777 923 quo
791 842 948 921 implearis,
971 841 1206 920 qnandoquidem
1222 840 1303 901 raldo
1315 847 1410 901 tarmes
1423 840 1472 899 tn?

253 970 361 1012 aaran.
399 948 458 1009 Est.

251 1071 423 1114 inerrasse.
460 1049 533 1121 Quin
557 1049 644 1111 illud?
666 1067 732 1109 nam
754 1048 852 1109 inllata
875 1048 1032 1108 admodum
1055 1065 1095 1108 es
1477 1061 1537 1110 §.aa

252 1174 360 1214 arnna.
398 1153 539 1213 Nimirum
563 1151 648 1232 plena
670 1151 835 1229 religionis,
858 1149 944 1229 plena
966 1149 1131 1227 potestatis,
1154 1148 1251 1225 rogari,
1275 1148 1327 1207 bo·
1350 1140 1357 1212 Ι
1378 1145 1470 1232 {wll

190 1256 270 1314 noris
291 1261 320 1315 et
342 1254 505 1314 tlisinitatis.

252 1376 424 1418 uvrrcnvs.
462 1356 600 1416 lastincta
630 1355 756 1416 arbitror
783 1356 988 1433 superstitione
1023 1362 1051 1413 ot
1078 1352 1213 1421 araritia,
1246 1352 1360 1412 sutilata
1388 1372 1469 1414 arro·

162 1460 289 1535 rogantia
311 1466 340 1519 et
361 1456 535 1527 ambitione,
559 1459 779 1518 vanissimarum
803 1456 883 1517 ebria
906 1456 1080 1533 gloriarum,
1105 1463 1243 1516 aetorum
1266 1457 1360 1516 omrus
1381 1475 1468 1517 vacua

188 1560 340 1639 probitatis
362 1567 391 1620 et
412 1561 593 1622 irnrocentiae.

249 1682 360 1725 avana.
397 1660 661 1723 blaledieentiorem
684 1678 739 1739 ego
762 1661 909 1722 bominem
932 1661 1026 1722 audiri
1048 1661 1213 1727 nemincum
1236 1679 1289 1720 nec
1311 1677 1375 1720 esse
1388 1668 1468 1738 puto,

189 1766 237 1843 qui
265 1767 307 1826 sic
334 1766 498 1843 procacitor
525 1766 681 1825 convitium
711 1764 796 1824 (licat.
846 1763 922 1823 itlem
959 1765 1029 1824 lacis
1064 1762 1141 1841 qtrotl
1177 1763 1224 1822 isti
1257 1760 1324 1821 olim
1358 1760 1470 1822 fecibus

188 1865 269 1927 obliti
291 1874 403 1927 veteres
426 1867 564 1928 Cornoetli.

160 1981 181 2020 ¹³
251 1988 422 2031 marcnes.
459 1970 494 2028 nt
515 1967 602 2029 nullis
624 1986 679 2045 ego
701 1967 813 2029 fecibus
835 1966 957 2036 oblitnS,
981 1975 1081 2045 aperte
1096 1966 1161 2026 tlico
1177 1965 1243 2034 tibi,
1266 1965 1537 2027 castrationem

191 2069 268 2131 llitte
285 2071 461 2132 Libertatem
484 2069 585 2139 nobis,
609 2071 668 2130 sire
686 2069 764 2130 bulla
781 2088 826 2137 es,
850 2077 878 2130 et
893 2068 970 2147 ‹pnotl
994 2063 1189 2148 *πομφόλυῖ
1206 2068 1299 2130 Greci
1321 2082 1468 2153 Ικυμφωιε.

189 2179 306 2239 rorant,
329 2173 387 2232 sire
410 2172 487 2251 quoti
511 2167 648 2253 φύσημα
671 2172 725 2232 illis
747 2180 798 2233 est.
1330 2170 1338 2240 Ι
1371 2182 1462 2238 φύσημα

250 2294 360 2334 arcuna.
397 2274 500 2343 Erras,
528 2294 587 2335 iton
615 2275 677 2334 baec
706 2282 749 2335 est
776 2275 901 2334 nominis
929 2275 1018 2333 ratio:
1052 2290 1119 2333 nam
1142 2274 1209 2350 (paria
1232 2271 1321 2333 rebus
1343 2274 1468 2335 consuli·

189 2393 267 2441 mus,
298 2369 364 2435 ἀπὸ
382 2375 439 2454 τῆς
463 2375 588 2455 βουλῆς
619 2376 717 2438 Bnllas
740 2395 793 2436 nos
816 2376 952 2436 dixerunt
974 2383 1101 2442 veteres,
1125 2383 1153 2434 et
1170 2375 1294 2436 bonora-
1314 2370 1321 2441 Ι
1344 2395 1396 2432 suri.
1413 2397 1468 2432 un..

157 2484 233 2536 ntes
254 2476 417 2538 voluerunt.

249 2600 421 2641 averanus.
458 2582 544 2658 Attpri
567 2600 625 2641 raon
647 2581 756 2642 bullam
780 2600 843 2642 esse
865 2589 907 2650 te,
931 2581 1127 2659 undecunque
1148 2582 1184 2640 sit
1205 2580 1261 2642 boc
1276 2599 1397 2651 nomen,
1422 2589 1535 2642 aar-§.rt-

189 2680 295 2750 bitror,
318 2682 369 2742 setl
392 2681 529 2761 bulgum:
560 2702 625 2743 nam
650 2686 802 2762 pecuniam
826 2684 945 2745 attlertis
968 2683 1052 2751 binc,
1076 2689 1105 2743 et
1127 2684 1259 2745 viaticum
1282 2685 1343 2744 istis
1364 2675 1372 2746 l
1406 2702 1467 2747 nm

189 2782 288 2843 llomre
308 2786 449 2844 creaturis
471 2793 622 2863 asportare
644 2785 751 2847 soletis.
796 2792 937 2863 praeterea
960 2786 1103 2846 recenteis
1126 2785 1278 2863 oillagrare
1300 2786 1406 2847 vitleris
1437 2796 1467 2847 tu

189 2886 258 2945 mibi
281 2887 407 2946 avaritia
430 2885 569 2947 ssatnmas.
616 2908 684 2949 eece
705 2895 802 2948 antem
825 2896 939 2947 scortea
964 2906 1011 2956 es,
1035 2887 1121 2966 plane
1143 2890 1285 2948 contenit.

157 2999 181 3040 ²³
252 3008 362 3049 annun.
397 2988 502 3049 Dubito
524 3008 560 3048 an
584 2989 684 3050 oculos
705 2990 814 3052 babeas
837 2993 898 3059 cui,
923 3009 957 3050 ex
981 2989 1149 3050 membrana
1173 3008 1238 3050 cnm
1261 2992 1330 3060 sim,
1353 3000 1535 3059 scortantes.

188 3089 296 3150 riiloor.
338 3109 374 3150 ne
397 3110 442 3151 me
465 3082 583 3169 belgam
605 3111 674 3152 rero
697 3093 818 3161 tlixeris,
851 3112 887 3152 ne
910 3095 975 3170 quis
997 3092 1133 3152 obscoene
1155 3092 1263 3152 alictnm
1286 3093 1314 3152 itl
1337 3096 1467 3171 accipiat.

249 3213 421 3255 nvrrauvc.
459 3193 560 3272 [leque
581 3213 638 3253 nrm
663 3193 743 3254 caltle
771 3194 938 3254 obscenam
968 3201 996 3253 te
1025 3193 1169 3263 ridemus,
1202 3196 1241 3255 sis
1269 3193 1346 3256 bailla
1371 3204 1467 3255 tantan

189 3301 240 3354 aut
261 3294 387 3373 ampulla
410 3297 457 3355 sis.
492 3296 597 3356 Verum
621 3314 678 3376 qno
701 3296 796 3372 geriita
812 3300 915 3373 patret
938 3313 1004 3354 nam
1021 3293 1120 3355 Terrae
1135 3294 1236 3364 liliam,
1259 3289 1338 3372 tit-t
1365 3318 1455 3359 saturn.

188 3402 307 3471 paritum
329 3415 460 3457 sororem
485 3399 631 3464 texistimo,
656 3398 733 3475 qarotl
756 3396 919 3457 'litanicnm
942 3395 1080 3474 quiddam
1101 3394 1238 3456 obtueris.

156 3506 180 3547 11
249 3518 358 3558 aenan.
397 3499 498 3559 Falsus
514 3518 559 3567 es,
578 3498 705 3559 Ecclesia
722 3505 815 3559 mater
831 3506 888 3565 est,
904 3505 987 3574 pater
1004 3497 1139 3557 Docimus
1155 3497 1213 3558 ten
1230 3497 1304 3557 l‘nn·
1325 3491 1333 3562 l
1356 3499 1465 3577 ffi'lss‘gt't

188 3598 255 3659 tifex
275 3599 431 3667 Maximus:
450 3602 511 3661 eins
528 3602 623 3678 itaque
639 3599 769 3679 appellor
785 3600 857 3668 tilia,
880 3606 930 3659 aut
951 3606 1083 3659 creatura
1099 3606 1218 3676 recepto
1234 3603 1325 3677 magis
1340 3606 1466 3665 nomine.

251 3722 421 3763 narramus.
460 3702 494 3762 m
517 3703 593 3761 nnnc
616 3721 694 3762 nunc
716 3711 744 3763 te
767 3705 842 3781 agis,
866 3702 974 3763 lter-imi
997 3701 1150 3761 creatura?
1302 3700 1535 3781 lffifflgt'ltto.

250 3824 359 3865 avium.
396 3803 439 3863 Ab
462 3803 508 3864 illa
532 3807 662 3882 gentium
685 3805 800 3865 dttntina
824 3805 907 3866 urbe.

250 3926 422 3967 nvrrsnvs.
461 3911 537 3978 Qtta,
561 3906 626 3966 illa‘l

155 4014 181 4056 ³⁵
252 4028 412 4068 bracarae.
450 4008 510 4087 Ego
533 4009 641 4077 alicam,
671 4010 761 4069 lloma
786 4012 875 4077 venit,
911 4009 959 4070 ubi
986 4011 1080 4087 pretio
1108 4009 1178 4071 muli
1206 4009 1376 4097 superanti
1404 4032 1467 4066 aaut.

188 4127 293 4188 ceperas,
327 4110 377 4169 nbi
399 4118 466 4169 srmt
489 4112 539 4170 riri
570 4130 626 4169 raon
650 4113 716 4176 riri.
746 4112 795 4171 ubi
824 4119 868 4171 est
895 4111 1004 4172 bonnm
1027 4111 1135 4172 malum
1158 4119 1187 4172 et
1208 4112 1316 4174 malum
1339 4113 1466 4180 lionam:

188 4210 236 4271 nbi
258 4211 325 4271 licet
347 4210 421 4270 male
444 4212 557 4286 agenno
578 4215 685 4273 ulmeri
708 4213 798 4281 bene:
822 4212 872 4273 ubi
894 4212 1026 4274 bomines
1048 4213 1086 4274 ott
1109 4222 1192 4283 sunt,
1222 4215 1261 4276 dii
1288 4224 1356 4277 sum
1378 4216 1463 4284 nulli:

188 4312 264 4372 trude
287 4330 388 4371 onmes
410 4311 545 4372 liberales
567 4313 682 4374 exulant
705 4323 801 4380 actus:
825 4314 875 4374 nbi
897 4317 1027 4393 pecnnia
1049 4318 1179 4376 serviunt
1202 4317 1334 4379 homines
1348 4327 1378 4380 et
1393 4337 1466 4397 opu-

186 4415 386 4424 —-——-

255 4448 275 4480 ¹²
293 4448 383 4497 l'lout.
396 4449 479 4498 More.
496 4450 591 4508 1.·2,n‚
659 4449 679 4481 ¹³
699 4450 740 4499 cf.
760 4448 850 4499 Sobel.
871 4450 905 4500 nd
923 4450 1059 4516 Aristopb.
1078 4453 1146 4502 Nnb.
1159 4452 1217 4502 aba.
1237 4452 1466 4521 τρυγοδαίμονες.

187 4533 208 4565 ¹⁸
228 4533 383 4593 cetuna,
407 4534 544 4583 scatebra.
572 4528 726 4600 πομφόλυξ
743 4537 801 4584 edel.
838 4534 859 4566 ¹¹
878 4527 956 4601 poc]
975 4538 1045 4587 eutis
1064 4539 1179 4588 inflatio.
1233 4539 1253 4571 ¹⁹
1272 4531 1468 4609 α’πότῆςβου·

187 4616 249 4682 λῆς,
270 4617 423 4667 aaonsilio.
486 4616 508 4650 ²⁸
526 4619 568 4669 Cf.
583 4618 837 4670 Pera.sat.V1.bb.
868 4620 1105 4673 lur.sut.lV.8tl.
1157 4624 1179 4655 ⁸³
1198 4625 1320 4676 Ambros.
1340 4628 1467 4678 inlleer.

188 4701 264 4754 Grat.
279 4702 350 4752 eli.
365 4702 395 4752 C.
405 4703 428 4751 2.
444 4703 519 4768 qud.
538 4704 624 4765 „urbe
636 4705 734 4766 Roma,
755 4721 815 4770 quae
828 4708 1009 4773 principatum
1024 4714 1051 4758 et
1071 4713 1154 4774 eaput
1172 4710 1279 4760 obtinet
1298 4713 1467 4763 nationnm.”
