3382 5370
341 363 402 413 xli.
471 378 617 412 annanias.
688 378 1020 413 urauoovanv'rrnnvcrs
1045 364 1220 424 leosrvnrs).
1346 348 1420 417 415

140 530 271 591 debeam.
316 529 373 589 Sed
403 533 469 608 qnia
502 531 538 590 de
565 534 607 592 rei
637 530 768 593 militaris
796 534 899 608 peritm
928 540 956 591 et
984 531 1147 610 imperandi
1169 533 1288 592 scientia
1311 550 1345 591 ao
1367 531 1421 592 du·

139 632 223 693 cendi
252 632 398 692 exercitus
426 633 565 692 industria
596 641 743 693 certamen
773 640 831 702 est,
866 635 1003 712 praeierat
1029 632 1133 712 aliquis
1162 632 1201 692 ibi
1229 651 1261 693 se
1288 634 1360 695 milvi
1388 652 1422 693 ao

140 742 227 811 vreget
247 734 364 794 allarisse
386 733 448 793 lure
471 733 512 794 illi
533 736 582 812 qni
606 743 699 795 tantas
715 736 743 794 in
759 735 960 796 huiuscemodi
976 734 1193 795 ‹lillionltatibus
1216 734 1302 795 talem
1318 742 1419 795 eornm

139 835 251 896 hostem
280 854 329 895 rea
357 836 493 912 gesserit,
527 853 635 913 easque
661 836 697 897 ad
727 838 815 897 liiiem
843 839 905 896 vita·
933 835 1010 897 bello
1039 839 1162 897 invictus
1197 838 1418 897 continuaverit.

112 937 214 998 abibil
236 937 358 997 alienam
381 936 502 997 aerrmlur
532 937 668 1016 gloriauv;
702 939 753 999 sed
783 940 845 1007 isti,
879 938 955 999 absit
983 939 1060 999 dicto
1088 939 1207 1009 invidia,
1241 937 1418 999 mediocrem
1428 950 1487 1001 §.aa

138 1041 261 1118 quisque
284 1040 442 1118 potentiam
466 1047 494 1099 et
516 1039 681 1119 dispertitas
700 1048 733 1100 ut
753 1039 913 1120 plurimum
936 1041 1012 1101 vires
1034 1042 1164 1119 aggressi
1185 1048 1267 1100 sum:
1292 1056 1346 1117 ego
1362 1047 1421 1100 ter·

137 1158 237 1201 rarum
260 1139 340 1201 orbis
362 1142 516 1219 imperinm
545 1142 647 1221 idque,
671 1150 702 1202 nt
729 1142 838 1203 dietum
867 1150 924 1211 est,
960 1141 1185 1204 valentissimum
1213 1150 1297 1210 tune,
1321 1149 1363 1201 tot
1391 1143 1420 1202 in

139 1261 229 1304 ιιιιιιιιι
252 1253 366 1303 coactas
388 1245 538 1304 nationum
563 1246 645 1314 vives,
668 1263 702 1304 ae
724 1263 881 1305 renascens
903 1245 939 1305 ab
962 1246 1042 1305 omni
1064 1244 1144 1305 clade
1159 1242 1278 1314 bellum,
1302 1251 1328 1304 et
1357 1243 1420 1304 din·

138 1347 247 1406 tissime
276 1344 353 1405 nulla
384 1345 598 1406 intermissione.
626 1346 816 1407 succedentes
844 1347 898 1407 sibi
929 1349 1004 1407 vices
1032 1347 1108 1407 ultro
1131 1347 1300 1424 audiasque
1322 1347 1350 1407 in
1373 1364 1420 1406 me

104 1450 278 1508 tuconcitavi
301 1448 388 1508 etad
411 1447 558 1516 nltinmm,
583 1447 660 1526 rprvod
683 1467 719 1508 ue
742 1447 841 1509 hostes
863 1449 980 1528 (pridem
997 1455 1116 1526 negant,
1141 1449 1193 1508 vici
1210 1466 1243 1508 ac
1258 1446 1417 1525 profligari,

139 1551 260 1628 patriam
284 1555 406 1609 externo
429 1550 552 1611 decusso
575 1551 642 1627 iugo
665 1570 698 1609 ex
724 1552 852 1611 urrunnun
876 1569 969 1629 prante
997 1550 1099 1610 mucidi
1126 1551 1255 1627 genitium
1283 1551 1312 1609 in
1340 1567 1419 1609 eoin·

139 1670 256 1711 rrvvrnem
279 1653 446 1712 servitutem
470 1669 615 1712 coinensu
636 1653 796 1712 immunem
819 1658 848 1712 et
869 1651 1010 1713 libertatis
1031 1669 1192 1713 memorem
1221 1653 1335 1712 retinui.
1370 1666 1489 1716 ιιι-ιιι.

139 1772 196 1831 que
219 1751 276 1813 nlla
298 1753 355 1812 boe
376 1755 475 1813 siverit
497 1755 586 1822 ratio,
617 1754 717 1823 index,
750 1761 780 1813 nt
801 1754 973 1833 persuadeat
997 1751 1160 1814 Alexander
1183 1752 1314 1814 libitam
1337 1751 1421 1812 lacile

139 1854 352 1917 debellaturum
375 1874 406 1915 se
429 1856 527 1923 lenisse,
553 1853 596 1914 rel
619 1863 650 1916 nt
671 1854 719 1915 illa
741 1855 860 1916 luerunt
883 1863 1053 1934 tempestate
1077 1855 1239 1923 llomanus,
1263 1873 1350 1934 quam
1373 1861 1423 1914 aut

107 1956 243 2018 vannus
264 1959 338 2017 Asiae
361 1957 499 2034 pupuloS,
529 1956 635 2033 qvvibus
657 1957 693 2017 de
715 1965 814 2034 postea
838 1976 873 2018 ex
896 1957 1035 2019 ltomanis
1057 1958 1174 2036 qnidam
1198 1956 1277 2016 nullo
1305 1957 1422 2033 negotiu

139 2058 176 2119 ab
192 2078 224 2119 se
239 2059 357 2119 devictis
373 2059 562 2121 memorabile
586 2061 642 2120 lroc
665 2061 812 2137 trinmpbo
835 2079 888 2120 sno
904 2057 1030 2137 praetulit
1052 2059 1148 2127 ·l⁷eni,
1171 2057 1248 2127 Vidi,
1272 2057 1350 2127 l'ici',
1373 2066 1423 2117 ant

140 2164 266 2221 iuervnes
295 2159 382 2220 indiae.
410 2162 555 2231 nationes,
590 2181 662 2240 quas
691 2161 835 2223 bellorum
864 2160 1022 2222 insolentes
1055 2160 1336 2221 oumrvressalmmlns
1369 2161 1422 2219 iste

140 2262 319 2323 elniulormn
343 2271 371 2320 et
394 2261 597 2324 bacchantium
621 2265 697 2324 eirca
721 2284 752 2324 se
775 2263 897 2325 militnm
922 2265 1065 2330 exercitu.
1095 2271 1239 2341 qrratenns
1267 2261 1348 2322 adire
1370 2279 1422 2339 po·

140 2367 208 2434 tuit,
238 2367 266 2425 in
289 2365 388 2441 lugam
411 2372 440 2424 et
461 2364 637 2426 deditionem
660 2369 768 2445 coegit:
803 2384 870 2425 nam
898 2384 972 2445 epiros
999 2366 1166 2443 magnilaoit
1188 2364 1322 2442 Scythas,
1352 2363 1420 2423 vidit

104 2474 261 2526 totantnm.
307 2474 387 2525 certe
415 2467 507 2544 ipsius
528 2467 704 2537 avunculus,
728 2468 824 2529 clarus
846 2468 1031 2547 Epirotarum
1054 2486 1120 2537 rex,
1151 2474 1252 2544 negat,
1275 2468 1338 2546 qui.
1361 2478 1493 2530 iteratas.

141 2587 207 2628 euru
222 2568 361 2628 llmmnis
383 2567 500 2647 quidem
522 2570 573 2630 sed
595 2571 625 2630 in
648 2569 727 2631 ltalia
750 2578 847 2631 tamen
870 2569 978 2631 bellum
1001 2587 1121 2648 gerens,
1145 2569 1242 2629 dicere
1262 2567 1363 2628 solitus
1378 2575 1422 2628 est

140 2689 171 2729 se
193 2671 222 2729 in
247 2671 338 2738 riroS,
362 2678 498 2748 nepotem
521 2690 607 2732 snum
630 2675 658 2732 in
679 2672 811 2734 lneniinas
833 2673 976 2733 incidisse.
1021 2673 1167 2732 Praeterea
1195 2688 1342 2731 summum
1370 2670 1423 2730 luit

140 2791 256 2852 sempev·
280 2773 391 2833 virtutis
413 2774 541 2833 studium
564 2773 649 2844 mini,
673 2774 750 2835 nulla
779 2773 879 2853 gloriae
901 2777 962 2835 sitis
984 2781 1035 2835 ant
1055 2775 1197 2834 avarities:
1227 2791 1322 2851 nequae
1345 2773 1421 2833 euim

140 2877 177 2935 ita
201 2876 281 2935 erexi
303 2875 433 2954 troplnea
458 2876 542 2943 ovilli,
574 2883 607 2937 nt
628 2876 767 2937 Rornauis
791 2877 895 2946 deieci,
932 2884 982 2937 aut
1011 2895 1063 2954 pro
1094 2875 1200 2956 opibus
1229 2874 1270 2934 vel
1300 2875 1422 2953 imperio

105 2978 300 3042 asdeeertari.
324 2976 374 3036 sed
397 2977 450 3036 luit
472 2976 542 3037 milri
564 2996 686 3056 scopus,
710 2979 745 3039 ad
769 2997 856 3058 quem
879 2980 972 3039 direxi
994 2980 1103 3046 onmia,
1127 2978 1253 3038 revidere
1274 2979 1300 3037 ri
1322 2978 1420 3038 arlem-

141 3088 219 3157 ptam
242 3079 342 3156 pamiae
364 3077 543 3148 libertaticum
567 3081 671 3159 egique
694 3088 783 3141 totam
806 3082 833 3141 in
857 3081 979 3140 svnnmis
1000 3081 1154 3141 virtutibus
1174 3086 1301 3146 atatem,
1325 3081 1490 3148 violaceam.

143 3189 293 3258 preumute
315 3181 473 3241 domestica
496 3182 601 3242 inridia
625 3190 654 3242 et
675 3184 908 3261 prupiuvpmrmn
932 3181 999 3242 clolo
1021 3183 1133 3243 lacinus
1148 3189 1282 3260 patrante
1298 3180 1422 3241 liberum

142 3291 170 3342 et
198 3285 328 3344 onmium
355 3285 494 3345 victorem
523 3284 582 3345 buo
607 3285 734 3344 auivnum
766 3303 801 3344 ev
831 3285 1006 3344 conscientia
1035 3286 1213 3362 optimorum
1242 3284 1270 3343 in
1298 3285 1420 3360 patriam

143 3386 314 3445 vneritornm
337 3404 371 3444 ac
393 3386 456 3444 vitae
479 3403 532 3463 per
554 3384 650 3445 oninia
672 3384 748 3446 bene
771 3394 842 3445 actm
857 3387 1012 3445 transmisi.
1051 3385 1110 3446 lam
1128 3395 1224 3455 ιιιιιιιι,
1250 3385 1355 3454 llirms,
1379 3393 1489 3447 estem

110 3487 339 3566 uoconspderare
361 3504 448 3565 (praem
471 3487 541 3547 milvi
569 3487 710 3565 presure
740 3486 823 3555 velis,
857 3488 906 3565 qui
935 3487 979 3548 vel
1008 3506 1041 3547 ex
1074 3488 1197 3565 graviori
1224 3489 1357 3563 arigiistia
1387 3488 1421 3547 ad

143 3597 251 3650 tantam
274 3607 325 3649 sua
349 3590 454 3649 virtute
477 3589 696 3667 amplitudinem
719 3591 885 3659 emerserit,
917 3588 961 3648 vel
984 3591 1093 3649 uvanora
1116 3587 1190 3647 bella
1214 3590 1349 3666 gesserit.
1380 3588 1421 3649 vel

143 3693 281 3752 scientius
304 3708 367 3751 rem
395 3690 549 3751 militarem
578 3693 756 3761 tractaverit,
791 3690 833 3751 vel
862 3690 1031 3771 arqrrabilius
1058 3691 1213 3767 imperimn
1241 3690 1424 3750 arlvninistra·

144 3796 229 3860 verit,
253 3792 296 3854 vel
321 3793 440 3854 meliore
464 3813 518 3873 pru
542 3812 643 3855 caussa
666 3812 747 3854 arma
770 3794 943 3872 surrepserit,
967 3790 1010 3853 vel
1035 3794 1158 3853 maiores
1181 3794 1256 3852 vires
1278 3795 1423 3852 emunire·

144 3897 195 3964 rit,
221 3894 263 3954 vel
286 3896 382 3955 ruirms
404 3897 431 3955 in
456 3898 510 3956 vita
534 3895 740 3972 cupiditatibus
762 3895 890 3966 dederit,
921 3894 964 3954 vel
994 3895 1174 3954 coustantius
1203 3894 1333 3955 inbono
1356 3914 1419 3974 per·

109 3999 263 4058 restiterit:
299 3998 327 4056 iu
350 4016 479 4063 sunmra.
512 3999 577 4077 ‹pnis
605 3998 641 4056 sit
669 3999 799 4058 ‹nnmom
827 3999 877 4077 qni
906 3998 950 4058 liis
977 3995 1111 4057 laudibus
1138 3995 1354 4065 excelluerunt,
1387 3997 1423 4057 ad

144 4119 231 4178 «prem
254 4106 285 4158 tn
307 4099 416 4176 primas
438 4101 548 4177 optimo
570 4102 634 4159 inre
656 4099 776 4160 celeras.

207 4220 312 4261 ursos.
349 4199 528 4261 Gervemsam
551 4203 683 4279 prolecto
705 4211 733 4262 et
757 4221 815 4261 vion
837 4220 952 4261 summo
974 4208 1085 4261 tantum
1109 4203 1297 4279 imperatore,
1323 4220 1492 4270 remman.

145 4303 222 4362 tunm
245 4302 331 4361 etiam
355 4302 416 4362 viro
439 4302 556 4377 dignam
579 4304 680 4364 babuit
702 4305 863 4364 orationem
886 4305 953 4363 iste:
977 4311 1064 4383 atque
1086 4306 1124 4364 ita
1147 4323 1210 4364 esse
1233 4313 1264 4364 ut
1286 4307 1421 4373 narravit,

144 4406 256 4471 cerrima,
279 4421 376 4480 vunpre
397 4404 503 4483 aliquid
527 4405 673 4467 adiuvisse
695 4425 763 4466 eum
786 4406 861 4472 scio:
886 4405 1021 4484 equidem
1044 4408 1163 4467 nunniui
1186 4406 1360 4467 adrniratnm
1377 4427 1424 4468 me

212 4608 343 4658 leviantur
363 4613 384 4658 t.
438 4608 609 4673 Βιιιινιιίιιιίι.
664 4606 821 4674 Ι·”ιμιίι1ιιιιι]
842 4608 949 4672 Caesar,
968 4611 1102 4662 rivetum'ee.
1156 4611 1176 4643 ¹⁷
1194 4611 1423 4669 colluminat.

146 4695 220 4744 Curt.
235 4696 265 4742 ι’.
279 4695 303 4745 ἶ.
319 4703 350 4742 tt'.
400 4691 469 4734 Υἰι·
488 4693 564 4743 furt.
577 4694 652 4744 v'lll.
671 4693 737 4753 1,.Ὶῖ.
752 4696 812 4745 Lu.
828 4696 873 4746 lx.
891 4695 928 4745 19.
