3382 5370
221 312 268 389 72
517 325 568 376 111.
638 340 776 375 ursnvcvs
796 340 818 374 s.
838 339 918 374 auin.
956 340 1102 375 nrnnoovs.
1123 323 1206 387 (tots.)

152 498 270 557 esseut
291 515 398 575 spurce
420 495 479 557 olet
500 497 610 566 anima,
639 495 683 556 vol
708 497 756 575 qui
779 494 841 556 aliis
862 495 915 556 tibi
941 495 1035 555 modis
1056 493 1195 557 molestus
1216 501 1268 555 est.
1311 496 1392 558 none
1413 495 1506 558 lectos

220 618 279 659 non
300 600 432 677 impuros
456 604 567 658 tantum
589 598 641 658 scd
664 604 692 658 et
712 597 880 676 pestilentes
900 615 992 675 saepe,
1016 597 1066 658 ubi
1086 596 1126 658 illi
1147 598 1305 658 dormierat
1320 601 1421 677 paucis
1437 606 1506 660 ante

220 701 323 762 dicbus
351 699 455 760 morbo
483 699 593 760 Gallico
621 700 742 768 adesos,
777 698 827 759 nbi
855 698 989 778 leprosus
1022 697 1125 777 aliquis
1158 700 1363 768 desudaverat:
1396 700 1506 762 lodices

221 811 335 864 sertum
359 810 424 863 antc
445 820 575 863 mensem
598 801 663 871 loti,
686 803 714 861 in
738 801 844 880 quibus
865 819 896 862 se
919 801 1084 862 volutarunt
1103 800 1232 860 morbosi
1252 800 1305 870 illi,
1328 803 1408 863 unde
1430 804 1505 863 mul-

153 914 282 967 cutam
301 906 427 973 saniem,
453 904 576 965 multum
598 923 653 982 pus
675 911 862 981 exceperunt.
907 905 1000 982 Atque
1023 903 1202 965 haecomnia
1228 909 1299 964 tnnc
1319 907 1411 983 magis
1433 906 1529 966 obii-³

222 1008 353 1077 ciuntur,
376 1007 492 1087 quando
514 1025 583 1085 vaga
607 1013 651 1066 est
673 1005 751 1073 anla,
774 1013 807 1065 ut
828 1004 855 1064 in
878 1004 940 1065 aliis
962 1025 996 1065 ac
1010 1003 1073 1065 aliis
1088 1005 1254 1065 diversoriis
1273 1009 1505 1086 pernoctandum

221 1111 272 1178 sit,
301 1108 381 1169 bumi
404 1127 628 1187 nonnunquam,
662 1111 706 1168 rix
735 1107 810 1167 raris
838 1105 992 1167 substratis
1020 1106 1072 1167 tibi
1100 1106 1227 1185 stipulis,
1262 1117 1312 1167 ant
1338 1109 1505 1188 pediculosa

221 1210 315 1290 aliqua
338 1210 458 1271 culcitra
481 1212 557 1271 inter
580 1212 698 1271 cimices
720 1216 748 1270 et
771 1215 905 1270 conserta
926 1208 1055 1288 pulicum
1078 1211 1219 1270 examina.

287 1332 412 1374 enarra.
455 1313 543 1392 Capio
581 1320 610 1373 ct
643 1313 739 1375 ridere
771 1313 890 1374 memini
929 1310 1026 1371 ebrios
1058 1311 1123 1372 illos
1155 1312 1249 1372 modis
1282 1312 1418 1373 omnibns
1453 1315 1506 1374 im-

223 1415 356 1476 mundos.
1518 1429 1541 1465 to

285 1520 447 1579 ursavnvs.
487 1516 571 1577 'lunc
592 1535 657 1577 cum
682 1518 709 1576 in
732 1518 792 1576 snis
815 1515 869 1576 illis
894 1522 1080 1576 versarentur
1101 1514 1228 1576 deliciis?

286 1639 413 1681 enarra.
452 1618 524 1678 Cum
545 1618 648 1679 eodem
673 1621 701 1679 in
724 1618 848 1679 triclinio
870 1617 916 1678 alii
938 1617 1087 1685 biberent,
1117 1617 1163 1677 alii
1186 1626 1350 1689 vomerent,
1376 1620 1508 1680 nonnulli

223 1722 346 1781 inlicem
369 1720 422 1783 sibi
445 1721 636 1799 oppedercnt.

286 1841 449 1884 ursnvnvs.
490 1822 573 1883 Tnnc
595 1842 662 1882 cnm
685 1822 732 1882 ille
754 1824 862 1883 iaceret
882 1824 940 1882 iam
961 1823 1053 1883 victus
1076 1829 1191 1900 potator
1213 1841 1247 1882 ac
1270 1823 1345 1883 inter
1361 1823 1509 1884 dormien-

224 1925 294 1985 dum
317 1930 462 1993 romcret,
494 1926 570 1986 inter
594 1924 768 1985 vomendum
792 1924 946 1994 dormiret,
977 1923 1189 1986 excubantibus
1215 1925 1293 1984 iuxta
1315 1924 1437 1985 canibus
1458 1926 1543 2004 quin

223 2026 384 2087 defluentes
406 2026 588 2088 mediotenus
610 2024 707 2104 palato
729 2027 831 2087 sordes
854 2025 1042 2087 elarnbercnt.

289 2148 414 2191 cnsrvs.
452 2129 523 2189 Cum
547 2127 593 2189 alii
614 2134 725 2198 scorta,
748 2128 861 2189 taxillus
880 2127 926 2188 alii
947 2135 1112 2205 poscerent.

156 2241 215 2291 §.oc
286 2250 448 2292 ursnvnva.
484 2230 548 2291 Non
571 2231 629 2291 iam
658 2233 775 2310 ignoras
798 2231 885 2307 igitur
907 2230 1049 2290 eiusmodi
1073 2230 1124 2290 tibi
1147 2232 1170 2291 si
1193 2230 1251 2291 lmc
1272 2232 1431 2299 concedas,
1460 2251 1509 2291 ex·

225 2331 383 2392 haurienda
414 2334 527 2394 sentina
552 2335 597 2394 sit.
643 2333 747 2412 quodsi
773 2351 840 2393 cum
868 2334 931 2409 ipso
965 2350 1174 2411 nonnunquam
1210 2333 1341 2410 principe
1374 2351 1509 2393 seorsnrn

224 2452 334 2503 rennes,
358 2441 390 2495 ut
411 2433 488 2496 laute
511 2438 606 2497 omnia
628 2443 744 2515 parata,
769 2435 917 2511 eleganter
938 2442 1137 2512 apponantur,
1161 2451 1219 2493 nnn
1240 2433 1329 2493 andes
1351 2452 1404 2511 per
1427 2451 1544 2495 rere-co

224 2536 359 2596 cundiam
383 2539 513 2615 apposita
536 2557 654 2599 sumere
676 2557 710 2598 ac
731 2536 844 2597 Tantali
865 2554 947 2596 morc
970 2537 998 2595 in
1019 2538 1102 2615 copia
1124 2555 1207 2613 eges,
1230 2534 1272 2595 rel
1289 2542 1317 2594 tc
1334 2536 1511 2596 interficiunt

226 2637 266 2699 lbi
288 2647 338 2698 ant
358 2637 468 2699 morbis
490 2639 626 2699 omnibus
648 2640 805 2701 obnoxium
829 2638 955 2698 reddunt
978 2640 1054 2699 varia
1075 2636 1207 2698 ciborum
1229 2655 1353 2715 genera,
1376 2639 1400 2696 si
1420 2656 1510 2717 appo-

156 2740 288 2807 r.ot.sitis
310 2741 344 2800 iis
366 2743 515 2801 continere
537 2748 566 2801 te
591 2741 674 2802 lacilc
697 2759 755 2801 nnn
776 2741 870 2818 possis
892 2742 960 2818 quin
986 2740 1106 2801 nimium
1129 2740 1207 2800 edas.
1251 2738 1293 2799 lbi
1316 2740 1402 2799 etiam
1422 2738 1510 2816 longo

226 2841 377 2901 interuallo
399 2843 505 2902 missus
525 2843 734 2921 importantur,
757 2862 791 2902 nc
813 2861 845 2902 ca
870 2850 900 2903 nt
922 2841 1080 2920 plurimum
1103 2843 1174 2903 liora
1195 2841 1278 2903 cibus
1299 2843 1424 2902 snmitnr
1446 2860 1511 2919 qnae

226 2943 276 3003 tibi
299 2944 417 3003 minime
440 2945 588 3004 convenit:
611 2963 706 3024 neqnc
728 2946 805 3006 enirn
826 2945 853 3005 in
874 2944 938 3006 aula
955 2952 1024 3005 tunc
1044 2945 1139 3005 editui·
1159 2944 1276 3024 quando
1293 2942 1426 3003 homines
1444 2961 1545 3004 esu-aa

226 3046 318 3128 riunt,
341 3051 390 3106 ant
411 3052 480 3106 tnnc
503 3046 612 3107 bibitur
634 3047 751 3126 quando
772 3048 885 3116 sitiunt,
909 3053 959 3108 ant
979 3066 1033 3107 suo
1056 3056 1188 3125 tempore
1210 3046 1383 3125 quiescitur:
1414 3047 1510 3105 omnia

228 3147 347 3208 contusa
370 3155 453 3218 sunt,
475 3151 569 3209 omnia
592 3150 800 3228 intempestiva.
843 3156 871 3209 ct
891 3149 966 3209 torte
988 3148 1184 3226 expectandus
1203 3154 1246 3208 cst
1270 3146 1316 3207 ille
1339 3149 1387 3226 qni
1410 3156 1460 3207 ant
1482 3149 1510 3207 in

158 3251 409 3315 §.navenationcm
431 3250 514 3311 abest
536 3259 585 3312 ant
607 3254 652 3312 ins
674 3252 743 3313 dicit
765 3271 799 3311 ac
820 3250 900 3328 loges
927 3252 984 3311 dat.
1030 3249 1100 3320 Qum
1128 3250 1224 3311 onmia
1252 3268 1286 3309 co
1314 3249 1451 3319 tendunt,
1481 3255 1512 3310 ut

227 3350 419 3413 valetudinem
442 3354 571 3431 negligas
593 3373 626 3414 ae
649 3372 837 3432 corrumpas,
865 3360 896 3413 ut
918 3353 1030 3422 febres,
1059 3360 1090 3412 nt
1118 3351 1277 3430 podagras,
1308 3359 1341 3412 nt
1361 3351 1457 3412 ulcera
1478 3372 1513 3412 ac

225 3462 322 3532 pestes
342 3455 505 3516 corttralnts.
562 3457 618 3516 Sed
642 3459 698 3517 iarn
719 3455 807 3516 credo
829 3456 955 3514 satisleci
972 3461 1000 3514 et
1013 3460 1084 3522 tuac,
1108 3454 1207 3522 Castc,
1230 3455 1375 3531 petitioni,
1400 3462 1428 3513 et
1445 3472 1546 3514 menno

294 3725 391 3777 ¹olent
403 3729 462 3779 edd.
475 3730 561 3788 (ettam
574 3728 632 3793 13.)
667 3723 894 3791 onimolbulitns.
925 3724 1231 3785 ctt‘taucnstnnt.
1269 3727 1511 3776 esconditomn.

225 3810 441 3877 edrt.(etinnrt.3.)
460 3814 540 3863 Lecti
552 3817 662 3876 morplt.
697 3810 708 3841 ¹
721 3810 839 3860 Lodices
851 3816 963 3874 morpd.
998 3808 1031 3840 ⁴¹¹
1043 3810 1221 3874 quianullum,
1236 3813 1259 3860 si
1270 3811 1412 3876 inspicias,
1424 3811 1512 3859 serbi.

225 3895 235 3928 ¹
254 3897 325 3946 inter
344 3897 455 3948 cimices
474 3914 507 3947 uc
525 3897 582 3962 pnli
601 3899 633 3947 cti
655 3896 790 3945 exanime.
803 3899 828 3944 5.
858 3893 915 3956 (atii
931 3897 998 3945 cdtd.
1012 3903 1081 3945 recte
1093 3895 1212 3960 pulicum
1232 3895 1382 3959 examina.)
1414 3894 1446 3944 In
1465 3895 1511 3958 ins.

226 3998 304 4045 morp.
325 3983 396 4034 inter
420 3982 545 4043 cimices,
577 3987 605 4031 et
629 3987 756 4031 conaertn
779 3979 871 4045 pulicir
896 3982 1023 4030 crumino
1047 3982 1131 4030 artace.
1147 3982 1182 4029 ΙΙ.
1207 3982 1261 4042 (13.
1281 3983 1374 4047 nequid
1396 3983 1511 4032 incorru-

224 4073 294 4130 ptum
311 4072 534 4132 praetermitteret,
566 4066 706 4127 confecto)
792 4065 811 4098 ¹¹
837 4068 903 4116 Hrcc
921 4065 1026 4114 struant
1047 4072 1071 4115 ct
1092 4069 1161 4118 Casti
1182 4065 1259 4114 nenda
1274 4070 1351 4130 plone
1368 4068 1450 4115 omisit
1469 4069 1512 4114 13.

227 4151 498 4200 delitiscendo
536 4148 556 4181 ¹¹
574 4157 684 4215 potator
702 4151 738 4200 II.
757 4154 836 4214 potor
854 4152 912 4201 cdd.
933 4149 1019 4211 (ctiam
1038 4149 1094 4212 13.)
1147 4149 1168 4180 ¹¹
1185 4150 1336 4199 detinentes
1357 4151 1390 4198 ΙΙ.
1420 4166 1513 4199 omnes

228 4236 286 4285 cdd.
340 4234 360 4266 ¹¹
379 4234 491 4284 tonillos
510 4233 559 4282 nlii
577 4237 613 4284 ΙΙ.
633 4235 682 4284 olii
701 4235 812 4286 tosillos
831 4237 889 4285 edd.
943 4233 963 4266 ¹¹
982 4233 1047 4300 iana]
1065 4241 1120 4285 tam
1141 4237 1183 4285 13.
1229 4233 1252 4266 ¹⁰
1270 4235 1512 4300 apponenturedd.

228 4334 296 4368 corr.
313 4320 346 4368 ΙΙ.
367 4318 422 4380 (13.
436 4321 589 4368 contrarium
607 4321 661 4371 eiua
679 4322 747 4388 qnod
763 4338 845 4371 oerum
863 4326 901 4370 cst
919 4321 1070 4384 adnotavit.)
1116 4317 1136 4351 ¹¹
1156 4320 1226 4369 ‚vn
1240 4326 1259 4369 t.
1274 4320 1302 4380 i,
1323 4319 1374 4381 ibi,
1390 4320 1424 4368 ΙΙ.
1444 4319 1514 4368 'sum

202 4407 255 4485 'tc
275 4403 445 4453 interficiunt
462 4402 520 4450 crld.
541 4402 597 4463 (13.
608 4406 678 4467 solen
696 4407 796 4468 adnot.)
831 4403 853 4436 ¹²
872 4405 997 4454 omnibus
1015 4407 1084 4455 oeric.
1099 4409 1122 4454 2.
1159 4403 1274 4453 reddant
1292 4406 1335 4453 13.
1376 4401 1512 4452 ¹¹·²¹si...

227 4485 311 4552 longo
323 4487 358 4535 ΙΙ.
385 4487 482 4550 quibus
501 4490 648 4552 appositis,
675 4491 816 4539 continere
834 4496 861 4540 te
881 4490 966 4539 facile
984 4505 1038 4539 non
1062 4495 1155 4556 potes,
1179 4491 1243 4554 quin
1262 4488 1343 4537 nimis
1367 4488 1441 4537 edas.
1478 4489 1514 4537 Et

228 4569 310 4635 longo
323 4572 381 4620 citet.
434 4566 456 4600 ¹⁴
473 4575 503 4619 ut
521 4572 631 4623 anull.
655 4576 724 4624 oeric
739 4578 781 4624 13.
829 4573 850 4605 ²¹
869 4573 959 4623 attuit
972 4574 1080 4624 ...dixit
1093 4573 1216 4624 ...dedic
1230 4575 1288 4624 edd.
1300 4575 1441 4637 promentia
1450 4575 1513 4636 serit

229 4656 264 4704 11.
285 4655 312 4703 in
332 4655 479 4704 venatione
498 4654 599 4717 (viniaco
618 4658 718 4721 obtuit)
738 4661 810 4708 310.
830 4660 1026 4709 inusitatione
1046 4659 1136 4708 abluit
1155 4662 1195 4708 12.
1253 4658 1277 4690 ¹⁰
1295 4657 1401 4723 petioni
1419 4661 1444 4706 1.
