3382 5370
342 383 366 416 F.
381 382 406 416 Δ.
421 383 444 416 12.
460 383 594 418 mnrium
614 383 649 416 nn
668 383 752 418 OBl'l'V
772 383 842 418 lvnll
863 383 886 416 1⁸.
902 383 929 416 ll.
983 384 1008 416 A.
1023 383 1049 416 D.
1064 383 1186 416 inmutat.
1324 351 1396 421 429

119 540 189 597 bella
213 548 344 596 moveant.
388 540 439 594 lam
464 541 580 615 teipsum
603 558 657 614 quo
675 540 758 614 magis
783 559 814 596 ae
835 541 918 613 magis
936 539 1115 614 contemplor.
1136 539 1187 594 lroe
1206 539 1293 594 minus
1314 539 1456 597 attamen.

120 626 196 680 virleu
209 624 352 699 apostolici
369 625 416 679 viri
433 626 584 698 vestigium.
630 626 762 700 principio
778 626 841 698 quial
858 626 909 681 lroc
924 625 1037 680 monstri
1053 633 1103 684 eat.
1121 625 1193 698 quael
1208 641 1267 678 carin
1284 641 1400 698 superne

119 710 267 765 sacerdotis
298 718 421 765 ornatum
448 728 541 783 geras,
572 712 639 766 irleui
661 711 733 766 intus
756 712 836 765 arinis
860 710 1008 766 cruentatis
1031 718 1104 765 totus
1124 709 1400 783 lrorreserepasapae?

119 795 150 850 aal
168 794 224 850 lma
238 812 317 867 (priam
339 803 429 850 truces
451 795 536 856 laetali,
560 813 638 870 qumn
657 803 800 851 contumax
820 813 865 856 us,
889 812 968 869 quam
991 795 1078 849 minax
1093 794 1183 852 frans.
1206 810 1285 867 quiam
1301 793 1399 850 elatum

101 889 150 935 aar
169 897 300 952 arrogans
321 879 513 952 supercilium?
535 898 594 936 nam
609 880 691 955 pullat
708 880 812 941 «lirare,
834 898 865 935 ac
883 880 958 954 piget
976 879 1082 935 interim
1101 879 1204 940 villere,
1227 877 1326 934 nullam
1341 897 1401 935 cor-

120 965 195 1038 poris
218 973 321 1037 partem
344 981 398 1019 naui
420 975 625 1039 eotrspurcatam
649 965 721 1020 tratis
742 965 905 1039 prodigiosa·
933 973 960 1020 et
989 963 1174 1019 abominanda.
1200 962 1328 1018 libidinis.
1371 974 1401 1019 nt

120 1067 153 1105 ne
173 1050 273 1110 rlieam.
297 1050 367 1123 qixotl
391 1050 536 1105 etiamnum
560 1060 634 1105 totus
650 1058 676 1104 et
697 1058 785 1106 ructas
804 1057 831 1106 et
854 1048 911 1105 oles
924 1048 1061 1123 crapulam
1078 1067 1108 1104 ae
1128 1057 1271 1110 temetum,
1289 1066 1319 1104 ae
1336 1049 1400 1104 milri

120 1134 225 1208 quitiam
252 1135 331 1191 ruoilo
356 1135 506 1190 exarmasse
542 1135 647 1190 vileris.
691 1134 806 1208 alanique
836 1135 859 1189 ia
886 1143 928 1190 est
956 1135 1040 1190 totius
1064 1133 1172 1189 habitus
1200 1134 1338 1206 corporis,
1371 1144 1402 1190 nt

121 1236 174 1274 non
198 1228 250 1274 tam
270 1227 350 1275 tulate
373 1219 504 1274 morbisve
527 1237 606 1293 quam
626 1219 734 1293 crapula
755 1220 854 1280 vietus,
877 1219 1010 1275 nrareialus
1032 1237 1061 1274 ae
1083 1219 1184 1274 lractua
1204 1218 1325 1273 ridearis.

88 1312 112 1351 m
186 1305 325 1359 Gauius.
362 1304 395 1359 llt
417 1304 544 1379 graphice
565 1305 634 1361 laune
657 1304 713 1360 suis
736 1305 823 1379 pinxit
842 1303 989 1360 eolorilmx.
1410 1321 1469 1370 §.tu

182 1389 313 1444 Petrus.
349 1390 465 1445 Tametsi
493 1390 569 1445 virleu
600 1398 626 1445 te
655 1392 706 1444 iam
734 1390 832 1445 alualuna
855 1389 919 1445 milri
950 1387 1097 1462 supercilio
1122 1388 1282 1448 minantem.
1313 1397 1400 1444 tamen

120 1473 188 1529 lraual
210 1491 279 1546 ‹pueo
301 1474 415 1530 reticere
438 1475 510 1548 quau
539 1474 643 1530 sentio:
672 1475 797 1548 suspicor
821 1473 1070 1548 pestilentissimum
1099 1472 1174 1529 illurn
1198 1471 1293 1529 lulium
1314 1473 1402 1528 etlmi·

119 1577 179 1614 rum
201 1559 234 1613 ab
256 1559 349 1614 inleris
371 1560 481 1614 rediisse
503 1568 692 1633 peruouatum,
722 1568 752 1615 ut
781 1577 822 1615 aare
851 1559 950 1621 rideat,
978 1558 1046 1614 aaleo
1077 1558 1124 1613 tibi
1148 1575 1208 1614 cum
1236 1557 1283 1613 illo
1306 1576 1402 1615 conre-

120 1644 198 1699 niunt
219 1645 314 1699 unuria.

88 1738 111 1778 ¹⁵
184 1728 302 1784 lulius.
337 1728 376 1783 lla
397 1729 436 1789 ai.
460 1730 498 1784 sil

183 1813 313 1869 Petrus.
347 1813 516 1880 Qunlaimt

184 1899 320 1953 tianius.
357 1899 443 1954 lratus
465 1908 520 1954 est:
542 1899 574 1953 ael
597 1899 664 1954 lianc
688 1916 778 1955 vooern
792 1916 871 1954 neruo
892 1898 1067 1955 cardinalium
1090 1915 1143 1954 non
1167 1898 1315 1971 lugitalxat.
1337 1897 1403 1955 alio·

121 1984 166 2056 qui
193 1984 289 2038 instem
309 1982 383 2039 illum
407 1984 604 2039 sanctissimum
622 2001 766 2045 sensurus,
790 1985 940 2057 praesertim
959 2002 973 2038 a
994 1984 1124 2040 convivio.

184 2069 318 2124 Petrus.
360 2069 398 2124 'lu
417 2070 481 2125 milri
503 2069 591 2124 ridere
613 2068 698 2143 prolia
720 2068 818 2124 callere
838 2086 945 2124 sensum
969 2069 1099 2124 hominis:
1124 2069 1235 2143 pruimlo
1260 2070 1302 2126 alie
1326 2070 1399 2132 arilu,
1413 2081 1470 2131 tu.

86 2155 183 2227 auarus
202 2158 247 2207 est

186 2239 320 2293 tianius.
357 2240 413 2312 Epo
433 2258 490 2295 sum
511 2257 624 2312 maguus
648 2237 692 2293 ille
714 2237 774 2294 lulii
798 2238 906 2294 Genius.

185 2324 317 2379 Petrus.
354 2323 434 2380 lmma
458 2324 558 2386 anulus,
578 2323 683 2397 opinor.

185 2408 319 2463 tianius.
357 2407 555 2483 Qualisemrque
574 2426 647 2469 saian.
669 2408 786 2464 lulianus
804 2427 871 2464 sum.

185 2492 302 2548 lullae.
340 2493 408 2560 Quin
431 2502 459 2550 tu
482 2511 568 2567 uirgas
591 2494 656 2548 istas
676 2496 771 2549 missas
794 2495 874 2554 lauis.
898 2512 929 2551 ao
958 2495 1032 2551 sores
1053 2495 1157 2568 aperis,
1183 2495 1234 2550 nisi
1259 2494 1340 2550 mavis
1364 2495 1469 2554 altra

88 2578 220 2651 astringi!
243 2578 311 2645 Quiri
333 2578 426 2634 nmltis
448 2596 517 2653 opus
539 2580 598 2634 est?
620 2578 693 2634 viales
715 2579 865 2635 cuiusmodi
887 2579 981 2636 ducam
1002 2581 1132 2636 comites?

184 2664 315 2719 Petrus.
352 2664 420 2719 Sane
449 2664 523 2719 valeo
550 2664 669 2720 latrones
688 2664 934 2721 exercitatissimos.
979 2682 1069 2721 verum
1093 2683 1125 2720 ne
1147 2665 1185 2721 sis
1208 2665 1338 2727 insciens,
1362 2665 1402 2721 liae

122 2749 194 2803 lares
213 2747 260 2802 tilii
284 2757 347 2803 sunt
367 2747 426 2804 aliis
448 2749 529 2804 armis
551 2750 743 2822 expugnamur.

184 2833 301 2888 lulius.
338 2833 485 2890 Verborum
508 2835 616 2907 inquam
638 2834 688 2890 iam
708 2835 787 2891 satis:
815 2836 842 2891 ni
866 2853 981 2910 propero
1003 2853 1095 2910 pares,
1121 2835 1472 2895 exeommxrniaationislaa.

122 2918 222 2974 tulmen
247 2918 285 2973 rel
307 2919 333 2973 in
356 2927 381 2974 te
404 2918 550 2993 torquebo,
573 2938 627 2993 quo
649 2937 768 2976 suuunos
790 2920 934 2994 aliquamlu
957 2938 1036 2993 reges
1058 2940 1088 2978 ac
1110 2922 1176 2976 aaleo
1197 2938 1279 2993 regna
1301 2921 1401 2982 terrui:

87 3002 222 3058 ³⁰lmllam
247 3004 319 3058 mles
343 3005 394 3059 iam
417 3005 444 3059 in
467 3005 525 3060 liae
543 3008 680 3078 paratam?

185 3088 320 3143 l'otrus.
356 3090 432 3157 Quorl
454 3089 552 3145 mulum
571 3089 687 3151 lulmen,
717 3089 789 3164 quam
817 3091 933 3150 tonitru.
965 3108 1031 3163 quus
1058 3090 1156 3152 lmllas,
1184 3109 1251 3165 quas
1274 3089 1404 3164 ampullas

123 3173 186 3227 milri
209 3191 313 3235 narras.
337 3174 466 3231 obsecro?
487 3192 546 3230 nam
573 3176 686 3231 istorum
711 3175 776 3230 nilril
800 3193 916 3249 uuquam
939 3177 1087 3231 ainlivinaus
1109 3176 1254 3232 atllrristo.

185 3259 307 3314 lulius,
346 3261 380 3314 At
403 3260 518 3321 senties,
541 3260 592 3314 nisi
614 3278 702 3334 pares.

184 3343 315 3400 Petrus.
356 3344 383 3399 Si
407 3363 476 3418 aluos
498 3344 561 3400 olim
586 3345 646 3401 istis
670 3345 750 3400 lueriis
774 3345 904 3407 territast,
927 3344 993 3399 nillil
1016 3345 1048 3400 ael
1069 3345 1139 3401 lmuu
1154 3344 1256 3401 locum:
1284 3362 1336 3399 nou
1357 3344 1399 3398 lria

191 3608 201 3639 ³
215 3615 325 3661 ornatus
337 3619 362 3662 et
375 3619 535 3662 cruentatus
549 3615 571 3661 1.
619 3611 744 3662 ⁵nutlam
757 3609 826 3678 p.e.]
843 3612 880 3674 Cf.
894 3629 932 3677 aa.
947 3614 969 3670 §.
986 3611 1024 3660 lll.
1071 3610 1082 3642 ⁶
1101 3617 1129 3660 et
1142 3614 1164 3661 1.
1173 3617 1198 3661 5.
1208 3616 1246 3661 10.
1265 3628 1299 3661 ae
1312 3615 1403 3662 λεια.

124 3692 133 3715 “
153 3696 286 3744 naumisae
298 3704 398 3759 praeter
410 3701 433 3745 1.
447 3714 539 3747 amaea.
588 3714 659 3762 corp.
673 3697 737 3746 laub.
751 3700 776 3748 2.
789 3705 847 3750 cett.
895 3698 1020 3761 Denique
1036 3699 1186 3755 1.5‚10.!5.
1206 3697 1304 3761 Vtique
1317 3701 1405 3746 reteri.

123 3776 291 3841 laruatust.
346 3781 366 3813 ¹⁰
383 3781 508 3846 depinxit
523 3790 622 3847 prater
636 3785 657 3831 1.
667 3786 705 3831 10.
718 3798 810 3832 (amaea.
857 3779 879 3812 ¹²
897 3782 985 3830 Iuliam
1000 3783 1124 3829 ferrearum
1143 3781 1340 3831 lilialiaoaiaaime
1358 3797 1403 3846 pv·

125 3860 233 3923 ναιξίν,
257 3855 338 3922 ὅσαις
362 3854 400 3915 ἄν
423 3857 557 3932 ἐθέλησε,
587 3870 715 3917 συνεῖναι
738 3869 894 3917 eoaerrem’aae
918 3867 1069 3930 euadeaaqae
1090 3867 1211 3914 elaterium
1233 3867 1406 3932 pellicumque

121 3948 210 4009 feature,
229 3951 377 4015 pariterque
395 3955 513 4002 enuntiati
529 3952 613 4002 morbo
631 3952 761 4002 lahorasse
779 3957 884 4001 relatum
901 3958 953 4005 ext:
971 3957 997 3998 ut
1014 3965 1076 3998 auae
1092 3957 1192 4014 praeter
1208 3967 1295 4001 nomen
1307 3954 1406 4017 tetrique

127 4032 190 4081 latia
208 4037 284 4082 altaalta
301 4036 430 4084 earamum‘a
445 4038 552 4099 slaerint.
587 4036 623 4085 Et
637 4036 755 4085 (ltaloiaue
772 4041 845 4086 etima
864 4039 996 4099 eapreaale
1012 4034 1094 4084 uerbis
1115 4038 1223 4095 rettulit,
1249 4035 1342 4085 ‘Iulius
1360 4052 1406 4100 ap·

125 4116 222 4181 paliari
241 4118 341 4180 voluit,
366 4136 419 4170 non
438 4122 545 4185 quidem
564 4122 665 4170 intuitu
683 4121 746 4170 Iulii
764 4127 836 4170 rotro
855 4120 995 4168 Pontilieia
1014 4119 1143 4179 Romani,
1167 4125 1196 4169 et
1217 4121 1276 4170 miti
1294 4122 1406 4185 ingenio

124 4204 176 4251 riri
195 4220 227 4252 aa
247 4204 369 4268 pratellini,
390 4206 437 4255 saal
456 4206 518 4255 Iulii
532 4205 650 4254 Caesaris
663 4205 696 4254 on
709 4206 838 4254 virtutem
851 4203 979 4254 bellicam
992 4205 1212 4269 praestantissimi
1224 4205 1308 4266 (larcia,
1328 4220 1407 4270 quem

125 4294 153 4335 et
172 4289 274 4337 imitari
295 4291 422 4354 egregius
441 4290 559 4339 bellator
577 4291 721 4355 qrxmaivit'.
776 4287 796 4320 ¹⁴
818 4290 927 4338 (laxeniirt
946 4293 969 4337 1.
1021 4286 1042 4320 ¹⁵
1060 4286 1160 4339 Maaifi
1178 4293 1201 4339 1.
1209 4293 1233 4339 5.
1242 4293 1282 4339 10.
1301 4291 1357 4352 Ma,
1369 4289 1406 4351 ali,

126 4370 145 4421 l'i
160 4377 184 4420 2.
204 4373 306 4421 illudi.
321 4375 353 4421 ai.
369 4378 487 4424 amaa.
512 4376 557 4423 Ma
576 4373 632 4423 aen
650 4377 675 4423 8.
700 4374 807 4423 Marlesi
825 4375 865 4421 15.
890 4373 1050 4423 Maeliani..
1072 4377 1110 4423 16.
1135 4374 1284 4438 Inpreeataa
1302 4377 1407 4423 catriae

124 4475 172 4520 pra
187 4459 275 4505 llatae
292 4458 347 4519 alei,
367 4457 389 4506 ai
407 4461 458 4508 aiae
471 4453 510 4524 poi
523 4457 591 4521 Δία,
609 4457 640 4513 ul.
654 4465 679 4506 at
692 4458 715 4507 ai
736 4458 825 4508 Italiae
842 4459 876 4506 ait
889 4458 978 4517 immo,
998 4460 1111 4516 utinam,
1132 4474 1208 4509 sane.
1248 4457 1268 4491 ¹⁸
1285 4459 1407 4509 Sanctia-

124 4543 186 4590 aimi
206 4547 230 4590 2.
244 4549 267 4590 et
286 4550 345 4592 rete.
357 4550 457 4606 praetre
470 4547 490 4591 1.
502 4547 539 4591 10.
603 4541 624 4574 ²³
643 4539 776 4608 lulianus]
795 4544 831 4591 ad
848 4543 935 4593 Iuliam
948 4544 959 4604 (
963 4543 1015 4602 11.)
1027 4545 1165 4606 pertineas.
1196 4544 1316 4595 laetanea
1334 4547 1408 4595 etima

125 4629 160 4674 ael
174 4627 293 4675 lulimuaa
311 4634 453 4693 aporiatum
471 4629 592 4675 adludere
609 4629 685 4675 perluit
704 4636 801 4677 artetur.
833 4626 955 4677 Iulianus
973 4629 1047 4676 etiam
1066 4628 1145 4677 Iuliae
1157 4634 1187 4678 n.
1200 4636 1259 4678 ante
1276 4631 1408 4694 pontifico·

125 4720 173 4761 tum
193 4720 318 4776 aaa-reptata
333 4715 430 4775 suaerat.
465 4711 487 4742 ²⁶
505 4712 627 4760 insciens
648 4713 1017 4764 1.5.ao.15.ceeertinacius.
1052 4710 1074 4744 ²³
1093 4729 1127 4763 oe
1140 4719 1163 4764 1.
1172 4718 1212 4765 10.
1232 4721 1291 4780 :1th
1309 4720 1333 4765 2.
1346 4723 1406 4765 rett.
