3382 5370
447 343 497 394 111.
568 358 705 395 ursavnvs
726 358 747 394 s.
767 359 849 395 avon.
885 359 1031 395 orauoovs.
1051 344 1135 408 (teta.)
1383 329 1430 399 57

149 512 240 575 latum
263 515 291 575 in
314 515 433 576 braelria
457 515 623 576 llorniniens
645 534 762 576 sursum
778 516 948 595 proiecerit,
972 524 1021 575 aot
1042 516 1091 594 qui
1107 514 1187 575 valde
1202 513 1360 575 liberaliter
1375 515 1432 574 lra-

151 623 228 677 trnm
251 617 399 695 vectigalia
422 619 551 687 auxerit,
584 618 760 678 monasteria
782 616 1001 696 locupletaverit
1023 616 1066 678 rel
1089 635 1194 677 nouam
1217 616 1342 696 aliquem
1366 618 1434 678 buie

152 717 306 779 colludoni
329 719 429 780 nidum
452 722 656 781 construxerit.
702 739 760 798 quo
788 721 820 779 lit
847 727 879 779 ut
906 719 997 779 indies
1024 721 1117 797 magis
1144 737 1178 779 ae
1207 720 1299 797 magis
1320 726 1434 780 creseat

151 818 266 881 illorum
289 839 352 892 res,
375 823 492 882 nemine
514 820 705 890 reclamante,
728 821 798 881 dum
814 822 958 881 hostiatim
975 820 1128 899 eolligunt,
1152 821 1235 899 qrrasi
1251 840 1319 881 vero
1334 822 1371 880 sit
1385 839 1433 880 res

127 936 238 999 sparsa
260 923 365 1000 stipem
388 924 582 994 emendicare,
606 930 655 983 ant
677 942 735 982 non
757 925 785 983 in
810 923 898 984 multa
921 941 1079 983 aureorum
1101 922 1178 983 milia
1201 922 1230 982 bi
1247 923 1368 983 redemit
1383 925 1432 983 sti·

153 1041 221 1101 pes:
243 1022 354 1085 seilicet
375 1026 584 1102 peritissimum
607 1033 651 1086 est
672 1026 728 1086 lroo
750 1032 963 1086 assentatorum
986 1043 1079 1102 genos
1100 1042 1134 1084 ae
1155 1024 1313 1085 identidem
1335 1025 1432 1103 perni-

151 1125 358 1186 ciosissimum:
382 1146 448 1187 narn
471 1146 524 1206 per
547 1128 673 1206 speciem
696 1126 844 1205 religionis
865 1125 932 1186 unali
954 1133 1022 1186 snut
1042 1125 1124 1186 tales.
1169 1127 1224 1187 Sed
1240 1127 1298 1186 iarn
1313 1126 1349 1186 ad
1366 1141 1500 1192 ren-§.au

151 1233 197 1285 tos
219 1247 320 1288 recor:
344 1229 373 1288 bi
388 1235 456 1289 sunt
471 1230 499 1289 in
515 1229 599 1298 aula,
619 1229 717 1297 Caste,
742 1231 837 1297 laren,
861 1228 981 1297 invidia,
1006 1227 1161 1305 cupiditas,
1186 1227 1313 1296 arnlritio,
1337 1226 1432 1299 lamus,

151 1330 346 1398 eorrsnetndo,
370 1338 483 1409 egestas
506 1337 535 1391 et
556 1330 730 1391 huiusmodi.

118 1446 141 1485 ¹⁰
213 1451 339 1492 ensrvs.
380 1431 452 1494 Rem
476 1451 581 1511 capere
604 1433 720 1500 eidem,
743 1433 793 1492 sed
817 1432 994 1492 mutiendum
1018 1439 1062 1492 est
1083 1432 1231 1510 quomodo
1254 1432 1315 1493 lnee
1341 1449 1358 1491 a
1380 1451 1433 1492 suo

149 1539 226 1592 statu
248 1540 375 1594 merdam
397 1534 569 1595 dimoveant.

214 1655 376 1697 ursarius.
415 1635 523 1705 Furor,
547 1637 646 1704 dasle,
664 1643 695 1695 ut
709 1636 815 1695 iniusta
831 1636 970 1705 suadeas,
987 1654 1054 1696 curn
1070 1633 1126 1695 lieo
1141 1634 1305 1696 demnletus
1319 1643 1432 1696 rectum
1443 1657 1463 1707 a.
1473 1659 1501 1702 ro.

150 1734 323 1811 dignoscere
346 1737 421 1796 band
446 1737 529 1798 laeile
551 1745 634 1816 potes
656 1743 683 1796 et
706 1738 816 1797 ideireo
839 1738 965 1816 iidepram
990 1755 1066 1815 saepe
1095 1738 1180 1797 amiei
1209 1755 1325 1797 eausam
1353 1739 1434 1798 iuras

49 1916 53 1921 .
150 1844 200 1896 ant
222 1855 286 1915 qrrae
309 1857 389 1898 amas
410 1846 560 1918 uteunque
582 1839 665 1899 eadat
687 1839 743 1899 lure
766 1841 888 1916 prim-ipi
911 1839 1028 1917 probas.
1058 1846 1158 1898 eontra
1182 1839 1304 1908 invidia,
1328 1848 1359 1900 ut
1382 1840 1433 1899 bo-

117 1939 197 1997 nnis
219 1957 296 2016 saepe
319 1940 412 2009 obsis,
436 1943 600 2020 reqrdtatem
623 1941 778 2017 impedias,
810 1960 874 2019 qnae
897 1941 999 2001 intesta
1022 1939 1112 2000 babes
1134 1943 1335 2019 persequaris:
1370 1961 1434 2021 iprae

151 2039 210 2100 duo
233 2059 299 2100 eum
323 2043 371 2120 qni
394 2043 423 2102 in
446 2043 509 2102 aula
533 2050 685 2103 versantm·
714 2043 808 2102 adsint
837 2042 988 2107 ernn‘drns,
1021 2043 1221 2119 iueerruptaur
1250 2062 1308 2102 non
1337 2045 1436 2104 sinunt

151 2143 305 2219 gerrninom
328 2143 503 2213 bonitatem
538 2152 625 2225 atque
648 2146 685 2204 ita
715 2145 747 2203 dt
773 2153 805 2203 nt
833 2142 922 2202 multa
953 2143 1071 2222 indigna
1101 2145 1283 2220 eorrtingant:
1317 2164 1384 2206 nam
1407 2154 1436 2207 et

151 2242 298 2320 elignmur
328 2245 421 2307 lriroli
448 2245 530 2306 multi
559 2266 592 2306 ae
621 2246 815 2306 exeluduntur
845 2245 919 2323 lengi
949 2246 1081 2305 lromines
1112 2252 1140 2305 et
1169 2247 1273 2306 iniuria
1295 2248 1327 2306 lit
1350 2247 1435 2308 bonis

151 2345 291 2407 moribus.
336 2348 396 2408 lam
419 2348 456 2409 de
479 2349 635 2426 eupiditate
657 2367 715 2407 non
738 2348 853 2408 dubitas
881 2349 909 2407 in
938 2366 1011 2426 ‹prros
1039 2366 1155 2407 errores
1183 2349 1360 2425 praecipitet,
1390 2358 1503 2415 ert-rm.

117 2462 209 2525 teque
232 2448 303 2508 nibil
326 2468 403 2528 saepe
426 2449 539 2518 farere,
563 2450 634 2510 nibil
656 2450 754 2509 direre
777 2448 880 2526 aliquis
896 2457 1043 2518 vereatur,
1067 2449 1136 2510 dum
1153 2451 1230 2529 qnod
1246 2451 1325 2528 eupit
1340 2460 1432 2528 paret.

150 2549 218 2610 hine
240 2549 287 2611 illa
310 2561 379 2612 srnrt
400 2553 429 2612 in
453 2550 525 2612 aulis
547 2553 690 2630 periuria,
724 2551 780 2611 illae
810 2551 953 2628 pertidia,
988 2549 1033 2610 illa
1057 2551 1127 2611 salsa
1150 2553 1328 2621 testimonia,
1357 2561 1435 2613 tanto

151 2650 318 2722 crebriora,
353 2660 462 2731 quanto
491 2640 565 2732 quis
584 2661 650 2731 eget
678 2655 779 2730 magis.
825 2673 862 2712 an
893 2672 950 2714 non
981 2653 1123 2731 cupiditas
1151 2661 1195 2715 est
1223 2673 1287 2733 quae
1315 2654 1383 2714 laeit
1405 2663 1437 2715 ut

151 2772 273 2814 nurnera
295 2756 439 2832 aeeipiant
460 2754 562 2834 aliqui,
587 2764 619 2815 nt
640 2755 768 2815 larorem
793 2756 932 2833 principis
955 2763 983 2815 et
1005 2756 1117 2815 lumum
1139 2756 1278 2824 rendunt,
1304 2763 1335 2816 ut
1356 2775 1435 2816 eom-

150 2854 253 2932 pilent,
277 2865 309 2915 ut
331 2857 555 2934 rlepmeulentm·,
585 2865 616 2916 nt
637 2859 762 2935 rapiant,
788 2866 819 2917 ut
842 2857 994 2917 iurentur?
1022 2857 1116 2916 l’erro
1143 2858 1261 2918 ambitio
1284 2858 1352 2935 qrdd
1375 2868 1503 2918 nonore

117 2958 285 3034 superferre
308 2960 398 3036 cogit,
423 2960 518 3018 oninia
541 2959 627 3035 digna
651 2978 684 3018 ae
708 2959 823 3034 indigna
847 2959 929 3018 obire
958 2959 1065 3019 iaciens
1095 2966 1124 3018 et
1150 2958 1360 3020 dissensionem
1386 2980 1435 3020 ex·

151 3059 243 3119 ritans
265 3062 340 3120 inter
362 3080 413 3120 em
441 3079 519 3138 saepe
547 3061 595 3138 qui
623 3060 679 3119 sibi
709 3060 790 3119 olrari
817 3062 939 3122 inrieem
969 3062 1098 3129 lornant,
1132 3070 1160 3119 et
1187 3061 1379 3122 adulationem
1403 3081 1437 3122 ae

152 3162 377 3222 assentationem
401 3164 537 3239 gignens,
561 3163 633 3222 rlrras
656 3169 688 3221 ut
710 3161 815 3223 audisti
839 3166 979 3224 mammas
1001 3160 1074 3221 aulae
1096 3169 1202 3239 pestes.

214 3284 341 3324 essens.
380 3263 443 3324 b'en
467 3265 621 3324 leremlum
646 3265 743 3323 sitium
767 3281 877 3323 narras.

216 3386 380 3427 mistress.
418 3368 454 3426 dt
477 3367 657 3445 lrerprentius
679 3365 719 3424 ibi
742 3364 853 3424 nnllam
877 3373 934 3424 est:
958 3365 1089 3444 adeoque
1112 3365 1168 3426 late
1191 3375 1294 3446 regnat
1316 3369 1344 3428 in
1364 3366 1438 3426 ardis

118 3468 317 3545 auprimipum
340 3468 474 3538 erubitio,
499 3478 529 3529 ut
552 3468 619 3527 lurie
642 3469 690 3527 md
713 3474 831 3543 aeoeptu
855 3468 1019 3526 reserantur
1041 3468 1151 3535 onrnia;
1175 3468 1272 3527 trullus
1288 3468 1438 3527 riolentior

154 3568 263 3628 lloreas
286 3571 380 3629 nasim
404 3568 525 3646 impellit
548 3587 635 3646 qrrem
658 3568 703 3629 illa
728 3569 853 3629 bominis
875 3575 1002 3627 urentem
1026 3570 1154 3628 sorrentu.
1177 3569 1224 3628 ibi.
1263 3588 1317 3647 qua
1334 3569 1437 3630 imbuti

154 3672 203 3747 tpri
225 3679 292 3730 snut
315 3669 427 3748 iorrrnes
450 3677 546 3730 eutem
569 3678 652 3741 sunt,
684 3671 761 3750 rprod
785 3671 847 3730 brec
870 3669 905 3729 ab
929 3667 993 3729 aula
1016 3687 1165 3748 uunquam
1187 3668 1271 3749 absit)
1303 3690 1361 3731 non
1384 3673 1437 3732 du·

154 3822 303 3831 ——.---.-
322 3825 354 3832 -.-

222 3907 228 3939 ¹
249 3908 399 3973 proieceris
416 3925 483 3958 corr.
498 3909 533 3957 ΙΙ.
553 3910 673 3974 proiecit
686 3912 743 3961 Μ.
797 3906 807 3939 ²
825 3907 979 3973 vectigalia
994 3910 1029 3958 ΙΙ.
1049 3905 1153 3956 reditus
1172 3904 1305 3969 (redditus
1322 3907 1359 3970 5.)
1378 3910 1436 3958 edd.

153 3991 163 4021 ⁴
182 3994 268 4054 eraai
288 4008 353 4042 roro
371 3994 409 4042 sit
426 4009 470 4042 res
487 4009 574 4057 parra
594 3994 627 4043 ΙΙ.
648 3994 726 4057 quasi
746 4009 788 4042 ros
807 4009 893 4058 parva
912 3994 949 4042 sit
967 3994 1024 4041 eald.
1077 3991 1192 4041 troitus
1210 3995 1365 4041 recentiores
1378 3994 1436 4042 edd.

154 4076 254 4126 tritta.
308 4077 408 4128 'tales
427 4080 536 4127 adadll.
590 4079 681 4127 Venti.
701 4080 726 4125 in
744 4082 896 4142 nnn·p..l.5.
949 4077 1176 4126 ’etlmiusmodi
1195 4077 1305 4125 artaud,
1351 4076 1372 4108 1⁰
1385 4078 1437 4127 Sed

154 4162 290 4211 uolumen
311 4169 354 4212 est
372 4164 417 4224 H,
438 4179 592 4228 ‹punnqunm
612 4163 705 4212 arrdire
725 4163 800 4215 lieet,
820 4164 878 4212 edd
942 4160 963 4193 ¹²
981 4162 1079 4211 Fauor.
1099 4164 1124 4210 in
1141 4177 1221 4226 rnorp.
1236 4165 1293 4211 3.5.
1352 4160 1373 4193 ¹³
1390 4178 1436 4227 po·

154 4253 195 4295 tes
213 4248 248 4296 II.
267 4249 356 4312 possis
373 4250 433 4298 edd.
502 4250 581 4297 iuras
600 4248 635 4296 ΙΙ.
656 4249 733 4296 iuves
751 4250 809 4296 erut.
881 4243 901 4277 ¹¹
918 4247 1018 4312 probae
1038 4247 1072 4295 ΙΙ.
1098 4246 1196 4311 prebes
1214 4247 1281 4298 edd..
1301 4248 1374 4295 etium
1393 4251 1435 4297 1³.

155 4333 277 4382 ‚Contra
296 4335 331 4383 ΙΙ.
396 4333 515 4382 Inuidia.
535 4336 559 4381 in
578 4348 656 4395 nrurp.
678 4335 735 4380 Μ.
807 4331 935 4380 ¹⁷.Nam
955 4332 989 4380 ΙΙ.
1060 4330 1080 4363 ¹⁹
1100 4331 1252 4396 Cupiditas.
1272 4332 1393 4395 iuniorp.
1413 4337 1437 4382 5.

155 4416 206 4448 ¹²²⁰
224 4424 284 4481 11th
302 4419 338 4467 lt.
358 4424 388 4466 ut
406 4420 464 4467 erint.
533 4416 554 4447 ²³
575 4424 602 4465 et
620 4418 655 4465 ΙΙ.
676 4422 706 4464 ut
728 4418 787 4465 edd
842 4418 905 4464 sum.
920 4413 956 4480 aa]
977 4415 1018 4464 t‘f.
1034 4415 1156 4464 lllurtial.
1177 4417 1263 4481 epigr,
1277 4416 1322 4464 IV.
1336 4416 1363 4477 5,
1376 4427 1395 4465 t.
1411 4421 1440 4466 et

157 4517 239 4566 arrpra
257 4518 282 4566 p.
300 4501 337 4551 tn.
352 4508 407 4551 net.
425 4501 445 4550 l.
504 4501 526 4532 ²⁵
544 4502 632 4551 soriis
649 4503 685 4550 ll.
707 4501 778 4550 lucit
795 4501 854 4550 lra=e
874 4502 932 4549 edd.
985 4497 1036 4530 Μ·
1055 4501 1181 4550 excitans
1200 4502 1236 4549 Η.
1257 4502 1360 4550 excitat
1378 4504 1437 4552 edd.

153 4585 174 4617 ²⁷
193 4587 310 4651 {rigaretur
329 4587 365 4636 H.
386 4587 475 4652 gignit
487 4589 546 4636 edd.
600 4585 622 4618 ²³
640 4587 714 4636 vieir'r
735 4590 759 4635 1.
773 4594 797 4635 et
810 4588 861 4635 elii.
918 4584 940 4616 ³⁰
959 4586 1114 4634 reserentur
1134 4589 1175 4635 13.
1228 4584 1248 4617 ³¹
1270 4587 1437 4636 intumult.

152 4674 179 4731 (i.
194 4687 216 4719 e.
232 4673 256 4719 in
269 4673 349 4733 orele.)
386 4672 430 4720 Cf.
446 4670 624 4720 ‘Boreadibns
642 4672 788 4736 pernieior'
808 4687 852 4736 ap.
866 4672 972 4720 llrasm.
985 4670 1071 4735 Adag.
1125 4669 1147 4701 ³²
1167 4668 1246 4736 quod]
1266 4671 1331 4734 quia
1350 4673 1393 4720 te.
