3382 5370
265 351 338 422 526
703 384 819 420 DlALOGI
847 382 1114 419 PBEVDOHYTTEMCI.

263 539 433 600 consultant:
463 557 522 596 nam
550 558 609 597 eum
632 542 672 597 ria
694 551 786 616 aperta
810 549 961 617 nequeunt.
994 539 1068 596 illum
1090 538 1240 596 clanculum
1262 540 1470 599 eirrumreuire.
1500 548 1548 595 aut

264 626 286 679 si
310 626 346 681 ita
368 626 544 681 commoditas
567 625 674 687 tulerit.
697 627 778 682 etiam
800 644 901 682 senene
925 625 1020 682 tallere
1043 634 1178 699 satagunt.

327 710 475 766 Canidia.
513 710 621 767 Venena
644 728 677 767 ne
701 710 821 783 tlieolegi
844 728 940 766 ananus
962 710 1115 772 ulrarmaut,
1139 720 1196 766 arte
1220 709 1265 765 illa
1288 708 1415 785 peculiari
1433 711 1549 765 nestra?

328 795 472 851 ltnlseus.
509 794 630 857 Veneno,
655 796 776 871 inquam.
799 805 845 851 aut
867 797 889 850 si
913 795 994 851 maris
1018 797 1120 851 turico:
1144 794 1247 855 dulus.
1271 813 1304 851 an
1320 796 1418 858 virtus.
1442 796 1504 870 quis
1522 795 1549 850 in

198 880 344 938 sunosio
368 880 514 955 requiratl'
536 880 588 937 Sed
610 899 687 938 mane
709 881 785 943 duur,
809 882 860 936 iam
883 881 978 942 adero.
1002 890 1029 937 et
1052 881 1178 955 quirluam
1200 882 1307 954 egerint
1328 880 1475 956 expediam.
1559 893 1571 930 ὁ

328 965 481 1021 Canidia.
519 965 699 1023 rrasrutatnn
723 966 814 1039 igitur.

328 1049 475 1106 llubeus.
511 1051 635 1124 Aperite.
660 1059 751 1125 patres
773 1051 935 1124 conscripti,
958 1051 1076 1125 aperite,
1100 1046 1227 1125 χρυσοῦν
1249 1036 1306 1124 γὰρ
1321 1038 1450 1126 ἀγγέλλω
1467 1044 1549 1118 ἔπος.

327 1134 461 1190 llantur.
499 1135 568 1190 lloua
593 1136 677 1208 igitur
698 1136 862 1192 annuncians
886 1135 953 1191 linita
978 1136 1118 1209 ingredere
1141 1137 1259 1192 lertuua.

327 1218 472 1276 liubans.
510 1221 643 1296 decipite,
667 1221 753 1277 ridete
775 1231 803 1277 et
825 1220 906 1291 legite
928 1220 1021 1275 literas
1044 1221 1237 1278 sacratissimas
1260 1221 1471 1278 asaeratissimn
1488 1220 1548 1275 rire

262 1305 436 1379 conscriptas.
1562 1318 1587 1357 tu

327 1389 464 1447 lieetur.
501 1391 571 1447 Cede
595 1392 691 1464 igitur,
715 1393 765 1448 iaru
790 1390 879 1465 legere
903 1390 1016 1464 incipio.
1040 1409 1118 1448 aures
1141 1391 1265 1447 adldbete
1289 1391 1426 1465 berrignas.

198 1487 255 1537 §.aa
329 1473 440 1540 Belius,
470 1494 548 1550 quem
571 1495 618 1532 ves
641 1476 784 1537 lieelrium.
807 1486 834 1532 et
857 1476 927 1532 iuste
950 1475 1074 1549 quidem.
1100 1476 1256 1550 auriellatis,
1280 1494 1364 1532 sacras
1385 1475 1491 1549 pagina·
1517 1493 1547 1531 ar

266 1561 333 1618 luris
355 1561 479 1618 Canoniei
504 1562 618 1622 Ductor,
642 1560 704 1617 lieet
727 1561 866 1634 indiguus,
897 1560 1055 1617 Seieutilieis
1077 1570 1105 1616 et
1127 1561 1336 1635 spectatissimis
1359 1561 1434 1622 viris,
1459 1560 1549 1616 Theu-

266 1646 346 1719 lugia·
371 1645 505 1702 facultatis
526 1646 683 1702 ductoribus
705 1655 732 1702 et
755 1646 891 1719 magistris
915 1647 1016 1702 nostris
1038 1645 1212 1720 ldpseusibus
1235 1646 1260 1701 S.
1276 1646 1304 1701 P.
1321 1646 1348 1701 lt.

330 1731 356 1785 Si
379 1730 487 1792 valetis.
510 1731 559 1787 riri
582 1730 734 1793 scientifici,
758 1740 800 1787 est
822 1739 852 1786 ut
874 1730 944 1786 vele.
989 1731 1097 1805 quantis
1119 1749 1182 1787 reru
1204 1729 1402 1788 calamitatibus
1424 1731 1587 1804 qllantis-ta

267 1833 320 1891 que
342 1833 394 1888 ego
416 1815 548 1872 collucter
569 1815 787 1878 difficultatibus,
810 1832 860 1872 nee
883 1815 947 1871 mild
964 1816 1095 1878 seribere.
1119 1834 1168 1873 uec
1185 1816 1261 1872 nuliis
1277 1814 1367 1890 legere
1383 1824 1472 1875 raeat:
1496 1815 1548 1872 lmr

266 1900 353 1956 sulum
376 1901 475 1957 dixisse
498 1901 626 1963 sufficiat.
651 1919 704 1957 nen
728 1919 788 1958 esse
811 1900 874 1956 milri
897 1901 1018 1958 deterius
1037 1918 1117 1976 agriam
1139 1902 1181 1957 eni
1205 1901 1241 1957 sit
1257 1901 1381 1975 pessime.
1418 1919 1480 1957 eum
1496 1901 1549 1974 igi·

267 1996 324 2045 tur.
347 1985 396 2041 viri
419 1987 581 2048 suavissimi.
605 1987 685 2043 vestri
708 1987 795 2059 gratia
819 1987 846 2041 iu
869 2003 914 2042 eas
936 1987 1120 2061 praecipitatus
1144 1987 1194 2042 sim
1217 2003 1363 2047 aerumnas,
1392 2003 1424 2041 ex
1447 1986 1547 2061 quilius

266 2071 308 2126 vix
336 2088 377 2127 nie
400 2071 477 2128 Salus
507 2072 580 2146 ipsa.
609 2071 689 2128 etiam
712 2071 733 2126 si
758 2069 886 2132 vuluerit.
916 2071 1021 2145 erigere
1043 2071 1144 2146 possit,
1173 2089 1222 2145 per
1250 2071 1392 2127 amicitiam
1416 2078 1546 2131 nestram.

266 2154 344 2212 ditem
364 2173 428 2213 veru
449 2164 565 2213 vestram
588 2174 636 2213 ero
659 2175 689 2213 ae
717 2156 854 2218 obtestor.
883 2164 913 2211 ut
940 2156 1026 2213 amico
1055 2157 1081 2211 iu
1110 2157 1237 2213 extremis
1266 2156 1356 2228 agenti
1385 2164 1411 2211 et
1442 2164 1584 2211 tantinum

266 2258 320 2297 non
343 2241 508 2298 conclamate
532 2241 709 2302 snlneuiatis.
738 2250 765 2297 et
793 2258 826 2296 ue
856 2249 910 2297 tam
938 2241 1035 2297 misere
1063 2249 1170 2315 pereat,
1199 2241 1295 2297 medici
1324 2239 1437 2296 alicuius
1465 2241 1547 2315 periti

267 2344 348 2400 opera
372 2328 550 2389 sncetxrratis.
581 2326 626 2401 qui
656 2343 710 2382 nou
740 2335 792 2381 tam
822 2344 863 2382 me
893 2325 971 2388 milri,
1001 2343 1079 2400 «gisam
1110 2325 1184 2381 subis
1208 2326 1291 2400 ipsis.
1323 2325 1460 2399 praecipue
1483 2343 1547 2380 reris

266 2412 323 2466 sedi
345 2412 523 2486 dpustulieae.
548 2431 562 2468 a
584 2429 635 2486 qrra
658 2429 728 2467 uxtnc
752 2420 877 2485 taniguam
894 2411 1018 2467 llunranas
1040 2420 1230 2486 propugnatur
1250 2410 1369 2467 eeclesia.
1392 2427 1482 2471 reem,
1506 2427 1549 2465 sa·

267 2514 328 2552 uum
352 2496 507 2571 salsumque
530 2498 664 2553 restituat.
710 2496 736 2552 ld
759 2496 782 2551 si
804 2496 865 2557 sud,
888 2505 915 2551 et
937 2495 1049 2553 salutem
1074 2513 1171 2557 aream,
1195 2504 1222 2551 et
1245 2497 1316 2569 rgrred
1333 2494 1405 2551 vitali
1422 2496 1548 2569 perfruar

266 2599 343 2642 aura.
372 2599 421 2640 nee
448 2599 502 2639 nen
526 2581 674 2656 apostoliea
702 2599 763 2655 egum
786 2598 867 2655 spera
890 2598 1000 2636 numera
1021 2599 1052 2636 ae
1073 2580 1268 2637 tlaulinalatum
1294 2583 1380 2655 ipsum
1403 2579 1478 2635 verbis
1501 2593 1583 2636 ac-ta

266 2675 373 2741 ceptum
396 2668 489 2723 leram.
533 2667 601 2722 Bene
624 2665 722 2727 valete,
751 2663 912 2721 ‹eunattdeta
940 2665 1094 2728 iustissimi.
1125 2666 1323 2739 lurtlierauique
1351 2664 1444 2720 hostes
1474 2682 1547 2721 neer-

266 2751 341 2813 rimi.
365 2770 395 2808 ae
416 2752 501 2808 arnico
524 2760 614 2808 restro
638 2769 715 2824 agrem
739 2751 810 2806 serre
833 2750 901 2805 lraxul
925 2750 1077 2823 negligatis.
1122 2750 1195 2812 utro.
1219 2751 1287 2812 citu,
1310 2752 1373 2806 eito.

199 2847 257 2896 §.tu
331 2836 470 2893 Rectus.
507 2836 592 2897 Prula,
622 2835 665 2892 cui
687 2835 787 2908 scriptu
813 2842 864 2890 taur
887 2835 1049 2891 miserabilia
1073 2834 1221 2910 lachrymas
1249 2836 1318 2892 lraud
1347 2835 1547 2908 exprimerent?

265 2920 332 2983 lieu,
363 2922 428 2982 lieu.
451 2921 528 2983 Eeli,
552 2919 631 2981 llelri.
660 2919 732 2975 Leli.
777 2920 828 2976 Sed
851 2920 914 2995 qnid
938 2921 1090 2991 agendum?
1120 2920 1286 2994 irupnssildle
1308 2919 1407 2975 etenim
1429 2928 1470 2975 est
1492 2918 1546 2975 alin

260 2997 382 3061 'matteas
405 3006 523 3079 alligari,
548 3022 596 3063 uec
619 3005 644 3061 id
667 3005 702 3060 ula
725 3006 809 3078 pestis
831 3004 960 3061 saevitiam
983 3013 1149 3077 grassantem
1165 3006 1236 3062 eires
1252 3005 1422 3080 pertinuerat:
1447 3003 1472 3059 in
1489 3019 1583 3060 mean

265 3090 338 3146 dium
362 3090 447 3164 igitur
467 3090 616 3152 consulite,
640 3098 730 3165 patres
753 3090 913 3164 conscripti,
937 3098 964 3145 et
987 3108 1047 3164 qum
1070 3090 1096 3145 in
1120 3108 1175 3147 rem
1200 3092 1254 3146 sint
1276 3090 1389 3165 aperite.

328 3176 456 3233 Patres.
494 3176 551 3232 Nun
580 3175 668 3250 leugis
696 3174 766 3248 legis
789 3193 859 3251 agius
882 3182 923 3231 est
946 3175 972 3230 iu
994 3192 1073 3232 eausa
1097 3184 1149 3232 tam
1173 3177 1254 3232 :suun
1279 3185 1305 3232 et
1328 3175 1375 3231 uti
1398 3174 1545 3249 perieulum

265 3261 292 3317 in
315 3271 461 3319 moreest.
504 3269 634 3319 caeterum
656 3278 699 3317 res
722 3259 779 3317 lime
807 3266 861 3317 nun
892 3269 1005 3322 temere.
1035 3260 1081 3316 sed
1110 3260 1170 3318 cudi
1199 3261 1311 3335 «grandnm
1340 3260 1428 3316 evenit
1456 3259 1547 3334 pruri-

264 3347 369 3407 deutia.
392 3356 422 3403 ut
445 3354 498 3403 tam
521 3356 675 3421 ogipurtuue
697 3341 866 3421 χειροῦργος
888 3346 931 3401 nte
953 3346 1096 3401 arlseuerit.
1130 3364 1190 3402 eum
1215 3346 1350 3417 igiturex
1373 3345 1445 3400 omui
1469 3353 1546 3418 parte

264 3431 301 3487 sit
323 3431 463 3489 alisnlutus
486 3440 514 3488 et
536 3432 563 3487 iu
586 3441 644 3488 arte
666 3449 715 3487 sua
737 3430 965 3505 perfectissimus,
993 3447 1071 3487 neure
1095 3429 1143 3487 illu
1163 3430 1258 3487 melius
1275 3430 1424 3487 laetissima
1440 3429 1541 3485 lieelriu
1554 3442 1581 3483 aa

265 3526 361 3573 nustru
383 3515 525 3574 subvenire
548 3516 659 3591 gruterit.
703 3514 747 3572 ille
776 3533 844 3589 erge
872 3524 929 3578 eat.
959 3523 987 3570 et
1015 3533 1120 3572 unruem
1147 3515 1314 3589 diligentiam
1344 3514 1481 3575 adlsilieat,
1512 3532 1546 3570 ne

267 3610 358 3658 tantus
380 3602 534 3658 christianae
557 3600 712 3676 reipublicae
735 3599 865 3676 splendor
886 3600 1068 3673 extinguatur.

197 3701 256 3753 etr.
329 3688 464 3743 Reetnr.
501 3686 615 3759 Egregia
637 3686 760 3761 prolecto
783 3685 928 3745 sententia,
952 3702 981 3742 ac
1004 3686 1030 3741 iu
1053 3702 1131 3759 sarram
1154 3684 1284 3741 anrliolius
1301 3684 1414 3758 peddms
1428 3684 1546 3740 eundum

265 3772 316 3833 sit:
339 3773 384 3828 sed
408 3781 435 3827 et
458 3773 493 3828 ita
516 3789 627 3833 censen.
651 3770 771 3827 lilibeum
793 3770 865 3826 hune
886 3770 989 3845 pariter
1011 3769 1072 3826 illae
1094 3770 1270 3843 delegandum
1295 3787 1369 3830 esse.
1393 3778 1422 3825 ut
1446 3776 1472 3825 et
1496 3769 1548 3824 lie·

264 3856 325 3912 elsio
348 3856 446 3913 solatio
469 3856 504 3911 sit
526 3865 553 3912 et
577 3873 690 3930 ignauam
712 3854 850 3912 voluntate
873 3854 899 3910 in
922 3853 998 3911 illum
1020 3854 1166 3911 existamus
1188 3855 1340 3911 anumreiet.
1376 3854 1426 3909 itu's
1451 3854 1584 3926 igitur.tn

265 3939 356 4003 Elaris.
380 3941 463 3997 lluliie
485 3941 572 3997 dicere
595 3940 729 4001 volebam.
752 3958 782 3996 ae
804 3935 975 4014 χειροῦργον
997 3940 1067 3996 liuns
1089 3947 1176 3996 tecum
1198 3938 1323 3995 deduces.

329 4026 479 4083 llulreus.
516 4025 599 4093 tluam
623 4025 815 4087 libentissime:
839 4024 885 4082 sed
909 4025 1029 4100 niirrquid
1053 4025 1148 4081 literas
1170 4025 1201 4080 ad
1226 4024 1301 4080 illum
1316 4024 1475 4081 deterendus
1493 4032 1549 4079 tra·

265 4111 352 4168 detis?

329 4196 464 4252 Rectur.
501 4194 542 4250 Nil
566 4213 675 4252 neeesse
698 4196 764 4257 erit,
793 4213 852 4252 euin
881 4194 916 4251 ela
944 4198 1068 4269 egregias
1097 4204 1155 4251 tuas
1179 4194 1291 4251 virtutes
1313 4203 1340 4250 et
1363 4192 1477 4267 plurima
1501 4192 1549 4249 lie·

266 4282 369 4339 uelaeta
393 4291 436 4336 tua
460 4280 499 4338 rel
522 4280 685 4356 praeeipuam
710 4280 756 4337 tibi
780 4280 857 4338 deletu
881 4280 1020 4342 aelliilieat.
1049 4289 1076 4336 et
1099 4297 1148 4336 nes
1171 4279 1301 4353 temperis
1324 4277 1424 4334 exclusi
1448 4278 1549 4352 iniqui·

267 4447 465 4458 -....----

332 4548 342 4580 ⁴
361 4549 437 4599 dolus
455 4545 513 4613 ete]
534 4546 920 4611 vergit.e011.den.11.:ttttt.
979 4545 990 4578 ²
1009 4547 1134 4596 ‘drinaum
1154 4547 1287 4596 riunrmtie
1306 4546 1435 4595 uerbum?
1453 4547 1513 4595 edd.
1527 4548 1545 4595 τ’.

265 4650 296 4684 m.
311 4648 432 4700 χρυσοον
448 4649 503 4699 γαρ
522 4631 628 4696 aggelu
646 4646 715 4683 enee
732 4637 756 4682 2.
765 4638 791 4683 3.
814 4631 952 4696 Aristoph.
967 4630 1038 4681 Plut.
1052 4630 1111 4680 2ll8.
1132 4617 1165 4681 Ὠ
1184 4622 1289 4697 χρυσὸν
1307 4619 1442 4696 ἀγγείλας
1460 4620 1547 4680 luein.

267 4718 437 4770 ¹’ltnelrium
457 4721 512 4767 Μ.
565 4713 810 4782 ’3·“ΤΙιοοΙοςίεω
830 4720 854 4769 4.
907 4715 928 4749 ³²
946 4716 990 4767 ct.
1004 4716 1093 4766 Plnut.
1107 4717 1179 4767 Mem
1194 4717 1225 4767 V.
1238 4717 1302 4780 229.
