3382 5370
410 364 475 414 1111.
543 380 681 416 roarmrs.
717 380 855 416 nrnsoovs
874 381 1057 417 avrramcvs.
1076 365 1159 431 (tots.)

687 532 792 595 Multos
813 535 922 598 alterna
944 537 1073 597 revisens

412 635 493 697 Lusit
515 644 544 697 et
565 638 595 696 in
617 636 710 697 solido
733 655 850 699 rursum
873 639 1000 700 Fortuna
1024 638 1136 700 locavit.

206 757 357 799 roarvus.
395 736 430 798 Et
453 739 662 799 Demosthenes
684 758 771 818 quam
793 741 905 801 monuit
927 748 1006 802 recte
1028 739 1159 802 beatulos
1181 738 1261 811 illua,
1284 742 1308 801 si
1331 744 1423 804 moni·

144 839 251 898 tionem
273 840 454 919 acciperent,
477 839 600 901 feliciter
621 860 722 920 agere:
746 841 844 903 Simile
867 849 923 912 est,
946 844 1053 924 inquit,
1077 844 1103 904 ei
1125 843 1174 923 qui
1196 842 1334 922 optimam
1356 862 1422 924 pos·

119 939 219 1000 asidet
240 940 375 1011 domum,
398 960 463 1022 qum
485 942 521 1003 ad
543 962 694 1023 vesperam
717 951 828 1005 tantum
851 945 946 1006 duret.

205 1063 376 1105 narraras.
414 1044 450 1104 Et
471 1043 510 1104 illi
532 1052 561 1105 te
584 1043 660 1125 apud
683 1045 804 1126 Scythas
826 1047 970 1126 sapientes
992 1066 1078 1127 quam
1101 1046 1176 1108 bene
1199 1054 1357 1117 noverunt,
1381 1046 1491 1109 ludos

143 1143 254 1205 bricam
283 1155 369 1225 atque
392 1147 477 1207 etiam
500 1147 604 1208 alatam
626 1149 795 1227 pingentes,
818 1149 895 1228 quod
919 1150 1060 1210 contineri
1082 1168 1140 1210 non
1163 1150 1256 1230 possis
1278 1156 1307 1211 et
1329 1149 1424 1210 elaba-

143 1248 184 1307 ris
206 1255 368 1318 momento;
391 1267 556 1329 quanquam
579 1250 640 1311 sine
662 1249 786 1329 pedibus
808 1250 886 1330 (quod
909 1270 972 1311 csse
994 1251 1130 1312 dixerunt
1151 1251 1237 1313 iidem
1252 1251 1300 1320 illi,
1323 1253 1353 1311 in
1369 1252 1425 1312 hoc

144 1347 207 1408 talsi
233 1358 315 1420 aunt,
350 1351 440 1412 habes
468 1352 545 1413 enim
573 1359 605 1413 ut
632 1351 715 1412 rideo
742 1352 841 1431 pedes.
878 1353 928 1414 sed
951 1354 998 1415 cui
1019 1352 1143 1414 insistis?
1176 1354 1287 1415 cuidam
1317 1356 1347 1414 ni
1374 1352 1425 1414 tal·

112 1449 190 1510 rolor
212 1451 318 1530 globo?

206 1576 358 1618 roarvns.
396 1556 480 1617 Nunc
502 1557 619 1618 demum
643 1557 721 1618 vides
743 1556 817 1618 hoc't
1433 1566 1492 1617 §.ta

206 1679 379 1720 nvrunuvs.
416 1658 501 1720 h'unc
522 1659 650 1720 demum.

207 1780 358 1822 roarvrrs.
396 1761 443 1821 Sic
465 1762 564 1822 statuit
587 1780 621 1823 er
645 1762 763 1824 Graeciae
785 1762 964 1842 sapientibus
986 1761 1113 1841 quidam.

206 1883 377 1924 narrasse.
414 1862 545 1933 hiemini,
573 1870 603 1922 at
629 1883 698 1924 vero
727 1862 817 1943 Apelli
840 1863 986 1944 quomodo
1009 1866 1085 1924 venit
1107 1865 1135 1924 in
1157 1871 1284 1924 ruentem
1307 1871 1339 1923 ut
1359 1881 1426 1942 pcr-

111 1971 231 2043 rapetno
254 1964 403 2026 sedentem
425 1972 453 2026 te
475 1966 626 2045 pingeret?

144 2136 345 2146 ——-.

210 2236 221 2268 ²
238 2235 334 2303 solido]
353 2237 423 2288 solio
441 2239 499 2289 edd.
552 2235 562 2268 ³
580 2237 774 2288 Demosthenis
787 2235 833 2300 (de
848 2253 903 2288 eor.
916 2237 971 2301 to.)
985 2237 1076 2287 locum
1094 2253 1128 2287 ax
1139 2236 1216 2287 Stob.
1228 2235 1324 2287 Floril.
1339 2235 1424 2286 cxli.

147 2318 185 2370 li.
205 2338 300 2387 parum
323 2329 398 2373 recte
423 2324 605 2389 interpretata
628 2327 671 2372 est
688 2323 810 2372 Fortuna
827 2323 991 2373 liutteuica:
1012 2311 1083 2388 Ἐγώ
1107 2315 1150 2385 δέ,
1174 2310 1249 2380 ὅστις
1272 2310 1427 2385 ἅνθρωπος

143 2397 183 2457 ὢν
200 2397 347 2474 debemusp
364 2399 454 2474 τύχην
470 2398 623 2474 προφέρει,
642 2405 786 2467 παντελῶς
804 2397 928 2473 αἰιόητον
944 2398 1078 2474 ἠγοῦμαι.
1096 2399 1133 2474 ἣν
1151 2397 1204 2471 peip
1222 2397 1285 2456 tut
1298 2399 1425 2473 βέλτιστα

144 2487 279 2556 πράττειν
297 2492 418 2558 νομίζων
436 2489 485 2544 aut
502 2483 623 2559 ἀρίστην
641 2487 716 2558 ἔχειν
734 2484 866 2558 οἰόμενος
883 2483 935 2544 oria
954 2485 1035 2543 οἶδεν
1053 2485 1080 2542 εἰ
1096 2483 1213 2556 τοιαύτη
1232 2480 1360 2557 διαμένει
1378 2483 1424 2556 με’-

145 2593 190 2642 χρι
207 2576 258 2644 τῆς
275 2568 409 2643 donique,
428 2577 487 2637 πῶς
505 2571 557 2644 χρὴ
576 2573 641 2642 περὶ
658 2571 763 2643 ταύτης
781 2571 873 2642 λέγειν
891 2566 910 2644 ἢ
926 2575 985 2636 πῶς
1003 2568 1154 2639 ὀνειδίζειν
1172 2566 1272 2643 s‘re'pqo3
1290 2575 1425 2640 Equidem

146 2678 196 2729 ego
215 2664 352 2728 quisquis,
375 2664 533 2714 homocum
552 2664 600 2727 sit,
625 2664 728 2714 homini
751 2664 886 2713 fortunam
910 2663 1047 2724 obiectat,
1072 2664 1132 2713 sine
1156 2662 1263 2711 ratione
1288 2675 1348 2711 eum
1367 2675 1427 2710 essa

145 2747 222 2798 duco.
248 2764 311 2797 narn
331 2763 391 2797 cum
410 2749 456 2812 qui
479 2748 639 2799 felicissime
664 2764 746 2813 agero
772 2749 955 2814 optimamque
978 2763 1008 2797 sc
1030 2746 1133 2797 habere
1157 2744 1316 2808 (fortunam)
1339 2750 1427 2810 putat,

146 2832 265 2882 incertus
284 2833 321 2882 sit
339 2848 374 2883 an
392 2833 456 2883 talis
474 2838 585 2883 maneat
602 2848 687 2898 usque
707 2832 741 2882 ad
760 2849 912 2898 vesperam,
932 2833 978 2897 qui
997 2832 1126 2883 convenit
1143 2831 1176 2881 de
1190 2847 1223 2881 ea
1235 2831 1320 2882 verba
1333 2830 1427 2880 tacere

146 2914 278 2981 (gloriari)
292 2923 340 2966 aut
351 2917 515 2983 exprobrare
528 2916 626 2966 alteri?
666 2914 771 2982 taba]
784 2916 827 2967 cf.
841 2918 919 2981 impr.
933 2916 1072 2967 Plutarch.
1086 2916 1119 2967 de
1133 2916 1243 2966 fortuna
1255 2913 1427 2980 Romatio.

145 3018 201 3067 sqq.
216 3001 269 3064 (ed.
282 3002 378 3052 Reislr.
391 3002 450 3052 Vll.
464 3018 490 3067 p.
504 3002 563 3052 254.
575 3002 645 3067 sqq.)
692 3000 713 3034 ¹⁰
725 2997 815 3066 globo]
830 3001 873 3051 Cf.
888 3017 970 3067 supra
982 3003 1005 3062 §-
1022 3000 1061 3050 17.
1108 3001 1132 3062 ξ.
1145 2998 1198 3065 ua]
1211 2999 1428 3065 heatieampiani

145 3103 216 3138 vers.
230 3087 343 3138 Cebetis
356 3086 424 3150 (lud.
440 3086 566 3152 bibliogr.
580 3103 606 3137 n.
619 3087 680 3151 ΙΙΙ.)
694 3103 756 3152 pag.
770 3085 843 3150 uijb:
863 3087 931 3150 „sed
944 3085 1040 3136 mulier
1052 3086 1102 3136 illa
1114 3101 1165 3151 que
1178 3101 1241 3135 nam
1254 3090 1303 3139 est.
1335 3099 1386 3150 que
1398 3088 1428 3134 vt

147 3188 213 3223 ceca
232 3178 260 3223 et
277 3173 375 3223 insana
394 3172 509 3236 quedam
528 3173 635 3223 videtur
648 3176 676 3221 et
694 3171 797 3221 insistit
819 3187 899 3236 super
917 3169 1008 3236 lapide
1028 3171 1142 3235 quodam
1162 3170 1289 3221 rotundo:
1307 3169 1429 3220 Vocatur

146 3257 233 3322 inquit
251 3257 375 3308 fortunae
399 3263 440 3307 est
463 3263 555 3308 autem
578 3273 632 3308 non
650 3257 736 3307 solum
755 3271 830 3306 ceca.
867 3255 914 3305 sed
933 3262 960 3304 et
978 3255 1077 3305 insana
1095 3263 1123 3305 et
1141 3256 1230 3305 surda.
1265 3255 1317 3306 hec
1333 3255 1427 3319 itaque

148 3343 210 3407 quid
232 3343 323 3408 operis
347 3341 447 3392 habet?
471 3341 629 3392 obambulat
647 3357 814 3406 quocumque
833 3341 921 3406 inquit
940 3346 966 3388 et
985 3339 1048 3389 aliis
1067 3340 1149 3405 eripit
1168 3339 1327 3389 facultates.
1364 3337 1428 3388 aliis

148 3427 230 3477 tradit
248 3428 283 3477 ab
301 3427 336 3476 iia
348 3427 463 3491 denique
483 3443 574 3477 rursus
592 3427 683 3476 aufert
700 3425 775 3476 ilico.
811 3442 862 3490 que
880 3424 1031 3474 tradiderat
1050 3429 1078 3473 et
1096 3424 1159 3473 aliis
1177 3425 1262 3473 tradit
1279 3429 1381 3473 temere
1400 3428 1428 3472 et

147 3512 348 3575 inconstanter,
367 3512 429 3561 ldeo
442 3518 470 3561 et
487 3513 593 3576 signum
611 3511 681 3561 bene
701 3511 805 3561 indicat
822 3515 948 3560 naturam
966 3508 1060 3573 ipsius.
1097 3509 1230 3573 quodnam
1248 3507 1299 3558 hoc
1318 3509 1428 3573 iuquam

149 3600 216 3662 ego?
234 3598 361 3662 quoniam
372 3612 454 3662 super
465 3595 556 3662 lapide
570 3596 685 3647 rotunde
702 3596 814 3646 insistit.
850 3600 905 3644 turn
924 3594 986 3658 quid
1004 3593 1056 3643 hoe
1074 3592 1230 3659 signifieat?
1249 3592 1375 3656 quoniam
1388 3592 1428 3641 in·

148 3688 249 3732 certum
263 3687 291 3732 et
303 3681 432 3732 instabile
445 3688 488 3732 est
500 3682 559 3731 eius
571 3681 678 3731 donum.
714 3680 894 3730 Calamitatcs
908 3678 980 3729 enim
993 3693 1099 3743 magne.
1130 3674 1427 3741 acasperetiuntcum

148 3768 281 3833 quispiam
300 3766 326 3816 ei
344 3765 500 3816 crediderit.
538 3766 631 3815 Turba
644 3781 708 3817 vero
721 3765 806 3815 multa
818 3765 869 3813 hec
887 3779 946 3813 cum
965 3764 1145 3813 circumstans
1164 3760 1228 3826 quid
1245 3759 1311 3811 vult.
1343 3765 1370 3809 et
1383 3760 1426 3824 qui

148 3867 210 3902 narn
228 3853 379 3902 vocantur?
401 3856 534 3901 vocantur
556 3851 583 3900 hi
603 3850 708 3916 quidem
727 3849 882 3901 inconsulti.
913 3849 983 3912 petit
1001 3852 1091 3898 autem
1110 3844 1291 3910 unusquisque
1310 3845 1427 3909 ipsorum

149 3952 201 4002 quo
219 3941 368 3987 consumat.
400 3936 532 4000 quomodo
550 3935 633 4001 igitur
651 3951 704 3986 non
722 3935 805 3986 simili
823 3941 886 3985 suut
904 3939 1027 4000 aspectu.
1063 3931 1111 3982 sed
1128 3930 1157 3980 hi
1176 3929 1283 3994 quidem
1301 3929 1429 3979 videntur

147 4022 275 4086 gaudere.
310 4021 339 4070 hi
357 4037 422 4071 vere
439 4022 584 4071 tristantur
603 4020 721 4070 extensis
740 4019 881 4070 manibus?
908 4018 962 4082 Qui
979 4018 1105 4069 videntur
1122 4014 1210 4080 iuquit
1222 4013 1341 4079 gaudere
1355 4017 1382 4062 et
1394 4013 1428 4063 ri-

147 4106 211 4156 dere
230 4123 263 4156 ex
281 4106 349 4171 ipsis
367 4105 412 4170 qui
431 4107 591 4170 acciperunt
610 4102 665 4170 [ric]
685 4104 788 4170 aliquid
807 4119 823 4153 a
842 4103 1041 4162 fortunarum,
1060 4101 1090 4150 hi
1108 4116 1172 4151 vero
1191 4103 1219 4149 et
1231 4097 1329 4148 bonam
1343 4098 1426 4147 sortu-

147 4207 208 4241 nam
227 4192 316 4257 ipsam
333 4194 442 4240 vocant.
479 4191 525 4255 qui
544 4194 634 4239 autem
652 4189 779 4239 videntur
796 4189 861 4238 flere
880 4191 908 4238 et
919 4202 1014 4238 manus
1027 4185 1173 4237 extendere
1186 4184 1214 4234 hi
1227 4186 1290 4233 sunt
1303 4197 1319 4232 a
1332 4183 1428 4248 quibus

148 4275 261 4326 abstulit
279 4290 331 4340 que
349 4274 425 4324 dedit
442 4275 516 4340 prius
534 4274 608 4340 ipsis.
632 4273 661 4323 hi
679 4277 769 4324 autern
788 4287 878 4323 rursus
896 4271 997 4323 malam
1015 4272 1152 4323 fortunam
1170 4271 1258 4335 ipsam
1277 4266 1427 4334 appellant.

149 4363 207 4423 Qne
226 4361 310 4425 igitur
327 4365 454 4424 suntque
468 4359 515 4409 dut
534 4359 581 4409 eis.
614 4358 720 4423 quando
739 4358 847 4424 quidem
865 4358 905 4408 sie
922 4357 952 4407 hi
969 4357 1077 4423 quidem
1096 4355 1220 4421 acceptis
1236 4352 1369 4415 letantur,
1388 4351 1428 4402 hii

147 4462 211 4496 vero
224 4445 333 4495 amissis
351 4444 469 4494 deflent?
488 4461 522 4495 ea
540 4445 628 4509 inquit
646 4460 697 4508 que
711 4459 728 4492 a
741 4443 830 4492 multis
843 4442 995 4493 hominihus
1008 4441 1133 4491 videntur
1146 4454 1205 4490 esse
1218 4439 1289 4488 bona
1309 4423 1338 4503 [d
1350 4429 1428 4503 παρὰ

147 4531 207 4589 τοῖς
225 4530 340 4588 πολλοῖς
357 4519 524 4593 αἰιθριιὶποις
543 4526 627 4578 δοκεῖ
642 4520 718 4578 εἶναι
736 4517 857 4592 dyene]
892 4527 934 4576 En
953 4542 1017 4591 ergo
1036 4541 1087 4590 que
1106 4528 1180 4574 sunt:
1204 4523 1301 4573 diuitis
1319 4523 1429 4572 scilicet

148 4621 176 4665 et
193 4615 281 4681 gloria
301 4619 328 4663 et
345 4612 477 4664 nobilitas
495 4619 524 4664 et
541 4612 592 4663 filii
610 4620 638 4662 et
655 4611 815 4677 tyrannides
840 4615 867 4661 et
885 4626 971 4677 regna
990 4615 1018 4660 et
1036 4609 1093 4659 alia
1111 4621 1271 4674 quecunque
1294 4605 1337 4656 his
1355 4606 1428 4657 aimi-

147 4700 196 4751 lia.
228 4700 290 4750 Hae
312 4699 398 4766 igitur
415 4698 546 4764 quomodo
563 4713 617 4747 non
635 4701 699 4748 sunt
716 4697 805 4747 bona?
822 4697 864 4746 De
882 4695 925 4746 his
943 4695 1032 4760 inquit
1050 4693 1121 4744 alias
1139 4691 1351 4758 disputabimus:
1365 4694 1412 4742 ...”

205 4785 336 4837 Harrm
353 4784 421 4836 Oar.
440 4798 504 4836 ror..
517 4783 582 4834 1111.
1192 4779 1210 4838 7
