3382 5370
230 372 302 442 550
664 402 779 436 oiston!
800 401 1069 436 ratit'voltvrrattlcl.

228 559 395 634 sporatio.
420 557 572 615 Periculum
596 559 659 615 mibi
683 568 774 633 pater.
797 558 938 616 calamitas
954 576 1017 615 vero
1032 569 1117 615 mater
1132 559 1192 616 luit.
1276 559 1419 615 Eclrilla.
1442 560 1513 614 Sient

228 645 308 700 etiam
333 643 430 699 liberii
459 663 488 700 es
511 644 581 700 enim
604 662 635 700 ex
657 644 768 717 egregie
790 645 914 701 leecunrlo
937 661 1045 718 genere.
1131 645 1343 720 Desperatio.
1373 645 1443 699 Satis
1465 663 1512 699 su-

228 748 332 805 perque
357 738 491 785 uatorum.
577 728 718 786 Eclrilla.
746 728 815 796 Qui?
900 729 1116 804 Desperatio.
1144 732 1227 790 Cura,
1255 729 1428 792 Sollicitudo.
1458 732 1513 784 An·

230 815 328 877 rictas,
356 815 460 876 Timor,
488 813 595 875 Fletus.
625 813 835 888 praecipitantia.
858 814 1031 877 peonitentia.
1054 815 1177 888 Larpreus
1199 824 1225 870 et
1247 824 1342 871 caetera
1365 815 1390 869 iu
1413 832 1512 887 genus,

171 907 346 975 §.equorum
370 918 428 955 sum
452 899 540 955 serula
565 898 715 954 leecuuclior
736 897 804 954 alba.
890 897 1033 954 Eclrilla.
1056 898 1123 966 liuiel
1147 900 1216 973 :apiarii
1239 918 1289 955 nos
1310 901 1417 955 alcmum
1433 914 1533 973 ‹pua-a

227 986 283 1041 ris?
347 984 563 1058 Desperatio.
586 984 728 1040 Corculum
753 992 842 1046 tuum.
865 984 1022 1057 llagistrum
1038 983 1164 1040 Nostrum
1180 984 1297 1040 Bobium.
1363 984 1512 1040 Eclrilla.

227 1070 324 1125 Procul
348 1069 424 1125 binc!
448 1087 502 1125 nou
524 1069 670 1125 adirrittaru.
705 1056 953 1143 ἔξωᾶπόγνωσιν.
971 1063 1028 1124 ἔσω
1042 1067 1168 1124 πλοῦτον
1186 1064 1236 1124 καὶ
1258 1058 1379 1143 ὑγίειαν.
1451 1069 1513 1126 Dc·

226 1155 397 1229 sporatio.
426 1153 495 1221 eoru
518 1155 540 1209 si
563 1171 617 1210 non
640 1164 747 1211 recusat
770 1155 845 1229 ipse?
931 1152 1073 1210 Eclrilla.
1102 1154 1205 1211 llirum.
1291 1154 1509 1230 Desperatio.

227 1239 429 1296 iliralmnclum'!
451 1257 510 1295 nam
534 1239 634 1295 duellam
657 1240 793 1314 occupari.
822 1257 900 1296 evoca
917 1240 1009 1313 igitur.

171 1329 216 1380 §.a
311 1323 450 1381 Eekilla.
479 1325 557 1387 Eclri,
585 1324 663 1387 Eclri,
692 1324 768 1386 Eclri.
799 1342 856 1379 mea
879 1342 955 1398 spes,
984 1324 1025 1380 eri
1055 1323 1163 1398 paulum
1185 1342 1200 1379 e
1223 1324 1386 1397 Tbeologieo
1415 1336 1547 1397 speculo

227 1408 360 1466 licinius.
382 1411 436 1466 Cur
458 1410 643 1465 sulcantissima
667 1428 725 1466 anca
748 1409 835 1465 sturlia
859 1410 1053 1482 interrumpis?
1076 1409 1137 1482 quis
1161 1409 1265 1464 tanrlem
1288 1409 1422 1482 pruritum
1438 1409 1513 1464 lrurrc

228 1504 302 1551 tuum
319 1513 368 1568 pro
390 1495 520 1567 «lignitate
543 1500 668 1550 cursaret?
692 1494 779 1551 neseis
803 1502 827 1549 te
851 1512 910 1550 esse
926 1493 1076 1567 'lbeologil
1161 1493 1302 1549 Eclrilla.
1331 1492 1433 1549 Dallcm
1449 1511 1513 1549 esse

226 1578 400 1653 spermologi.
424 1579 548 1653 proimle.
573 1580 594 1634 si
611 1580 708 1652 friges,
731 1597 838 1636 erucam
854 1588 900 1634 aut
916 1578 1013 1634 bulbos
1035 1580 1141 1635 «levana.
1164 1579 1209 1633 secl
1227 1580 1252 1634 iu
1269 1579 1319 1634 boc
1334 1596 1387 1634 non
1403 1581 1511 1634 vocari:

170 1664 271 1728 §.ubic
293 1674 334 1719 est
356 1682 423 1719 anos
447 1663 492 1718 illa
514 1663 669 1736 lbspieratio
691 1666 774 1725 elicta.
798 1683 858 1739 quae
875 1673 899 1719 te
914 1664 1064 1720 conveniet.
1139 1663 1270 1719 Eclrius.
1295 1663 1469 1737 Desperatio?
1492 1682 1510 1719 o

224 1749 339 1804 somnia!
363 1749 529 1805 iamdudum
552 1749 578 1803 ial
601 1749 688 1823 ipsum
711 1750 848 1805 soumiari.
872 1751 936 1822 qnid
959 1749 1071 1805 malum!
1095 1748 1204 1804 adestne
1218 1749 1389 1822 Desperatio?
1412 1748 1548 1804 occulito

224 1833 441 1907 Desperatio.
465 1834 574 1895 belsam,
598 1833 746 1907 Tbeologe.
812 1834 943 1889 Eclrius.
966 1834 1022 1891 Non
1039 1832 1171 1889 salutabo.
1236 1834 1452 1907 Desperatio.
1477 1839 1512 1889 bt

223 1936 276 1991 ego
302 1917 464 1991 ‹leporarabo
552 1917 697 1974 Eclrilla.
727 1918 820 1974 Dleum
849 1919 931 1974 aalrles
958 1920 1071 1974 carrrino.
1157 1919 1373 1992 Desperatio.
1406 1918 1510 1974 balciam

224 2003 352 2075 quicquic!
381 2001 473 2058 velim:
509 2003 652 2075 insiguiter
679 2004 842 2077 desperabit.
928 2004 1064 2059 Eclrius.
1099 2002 1259 2059 llcrculeum
1293 2002 1357 2058 illuri
1393 2008 1510 2077 proetus?

223 2087 436 2161 Desperatio.
466 2087 634 2144 Sterculeum
663 2097 738 2162 puto.
826 2088 959 2144 Eclrius.
987 2087 1179 2163 Datalecunque
1208 2088 1258 2150 sit,
1287 2088 1423 2143 constabit
1446 2089 1510 2143 sibi.

169 2173 445 2247 sollosperatiu.
469 2172 696 2240 Daueniaclmoclum
719 2173 844 2229 liculnum
867 2171 1047 2246 horologium.
1134 2172 1267 2229 belrius.
1290 2172 1411 2229 Nomluru
1435 2174 1548 2229 cloio-:o

222 2258 294 2314 cisti.
380 2258 598 2332 Desperatio.
629 2259 696 2326 Duirl
719 2260 741 2313 si
767 2258 813 2313 tibi
838 2258 921 2314 Dlium
945 2276 1033 2313 rrieiun
1056 2259 1081 2313 iu
1104 2256 1203 2314 collum
1233 2258 1386 2332 inpingam‘l
1415 2266 1510 2331 atquc.

223 2360 256 2398 nc
279 2342 371 2398 urultis
394 2360 435 2398 nro
459 2361 567 2406 morer,
591 2343 681 2398 statim
705 2345 810 2416 arccipe,
834 2344 932 2399 lletum
956 2342 1085 2399 riclclicct.
1151 2341 1286 2398 Eclrius.
1310 2343 1439 2398 Trerrrunt
1463 2362 1513 2416 gc·

223 2445 283 2482 naras.
370 2427 588 2502 Desperatio.
612 2430 725 2484 constas
749 2429 816 2483 iarn?
901 2427 1036 2484 Eclrius.
1059 2428 1174 2483 Strenue
1196 2437 1296 2482 metuo.
1381 2427 1514 2501 Despe-

223 2512 324 2567 ratio.
354 2515 470 2586 Spcras‘t
556 2513 688 2569 Eelrius.
719 2513 871 2586 Desperate.
957 2513 1173 2587 Desperatio.
1204 2515 1322 2586 Sequere
1344 2512 1429 2585 igitur
1453 2531 1513 2587 spuo

223 2599 333 2658 (luctam,
362 2615 395 2652 nc
424 2598 560 2653 uolentem
589 2599 671 2653 ctiam
702 2598 814 2653 traham.
901 2597 1032 2653 Eclrins.
1067 2596 1123 2652 lleu
1146 2615 1187 2653 nae
1209 2598 1351 2653 irrisorum!
1384 2597 1555 2671 dispariles

154 2681 368 2749 §.ro.Eebilla.
391 2683 457 2738 Num
482 2691 507 2738 tc
530 2700 584 2738 nou
608 2683 704 2756 perilot,
727 2683 858 2744 boiariam.
882 2700 969 2738 ericum
985 2681 1108 2744 Bobium,
1131 2701 1216 2738 meam
1230 2683 1358 2743 animam.
1382 2691 1436 2738 tarn
1453 2684 1514 2739 rio·

223 2766 311 2823 lenter
340 2768 401 2823 lriuo
427 2766 597 2823 convellere?
681 2766 905 2841 Desperatio.
939 2769 1025 2830 tlerle,
1058 2767 1223 2824 scortillmn:
1258 2785 1327 2824 nunc
1360 2785 1437 2823 riscus
1467 2778 1513 2825 est

223 2850 328 2907 Belius.
413 2851 554 2907 llelrilla.
577 2852 734 2925 llepiugoato
756 2851 852 2926 praelio
875 2851 963 2908 renis:
988 2869 1048 2907 nam
1072 2854 1098 2907 in
1121 2852 1171 2908 boe
1194 2870 1247 2908 uuo
1262 2852 1432 2908 butbaranus
1457 2864 1512 2918 est,

223 2937 295 3010 quoal
319 2954 361 2991 irre
383 2935 433 2991 sibi
451 2944 607 3010 perpetuam
622 2937 765 3009 oooiugcru
780 2937 906 2992 elerinsit.
971 2937 1186 3010 Desperatio.
1212 2936 1296 2992 Vere?
1359 2937 1511 2994 Eclrilla.

153 3021 375 3092 suverissiruc.
462 3019 596 3078 Delius.
619 3021 726 3077 Dimitte
743 3039 851 3095 apirmso,
873 3022 1037 3096 Desperatio.
1124 3021 1339 3096 Desperatio.
1362 3021 1550 3096 Nunquamao

221 3107 272 3161 boc
294 3105 476 3179 extorquebis.
552 3104 686 3162 Delius.
709 3106 792 3162 b'irnis
815 3107 940 3179 graviter.
1017 3107 1236 3179 Desperatio.
1261 3106 1288 3161 Si
1310 3104 1399 3169 soles,
1424 3108 1510 3164 etiam

220 3190 347 3246 suaviter.
424 3190 567 3247 Eolrilla.
592 3191 650 3247 llou
673 3189 736 3247 alibi
760 3210 838 3266 apuam
862 3209 974 3248 mecum.
1050 3191 1186 3247 Eclrius.
1210 3191 1275 3247 b'um
1298 3191 1352 3246 alio
1375 3192 1402 3246 io
1425 3190 1511 3249 loco?

219 3275 439 3346 Desperatio.
469 3277 561 3350 Longe
584 3276 651 3339 alio,
675 3276 720 3333 ubi
742 3286 769 3332 et
792 3277 872 3333 aliter
894 3295 973 3351 spiram
996 3277 1039 3332 bic
1061 3276 1134 3330 rivis.
1199 3275 1330 3331 Eclrius.
1352 3276 1417 3337 Ubi,
1442 3278 1511 3334 ubi!

220 3360 243 3416 si
268 3359 413 3434 placuerit.
437 3379 536 3435 sequar
559 3361 651 3423 laetias,
674 3380 735 3418 curu
758 3360 857 3419 Eskilla
881 3380 953 3424 raiea.
978 3379 1034 3418 mea
1059 3362 1132 3416 uires
1155 3359 1285 3418 colurnba.
1372 3361 1509 3436 Despe-

220 3447 322 3501 ratio.
352 3445 496 3520 Delinquas
520 3446 591 3502 illam
615 3454 733 3521 oportet·
820 3447 955 3504 Belius.
984 3447 1108 3521 Despero.
1195 3445 1415 3520 Desperatio.
1449 3447 1548 3510 llocss

152 3536 168 3586 l.
180 3541 209 3582 ¹2.
221 3531 301 3586 etiam
325 3548 434 3605 sperare
458 3540 544 3605 potes.
1281 3530 1388 3585 Eelriu
1399 3551 1420 3586 s.
1446 3534 1508 3599 Duo

220 3616 322 3671 trabis?
408 3615 620 3690 Desperatio.
658 3616 685 3671 lu
708 3616 904 3672 uiooacbatum.
991 3615 1129 3671 Eclrius.
1167 3615 1258 3670 Cibum
1289 3614 1356 3670 male
1384 3625 1507 3688 gratum.

217 3700 426 3774 Desperatio.
450 3703 483 3755 at
506 3701 591 3757 nibilo
614 3701 702 3757 minus
724 3719 755 3757 er
779 3702 829 3757 boe
851 3702 923 3757 ecles.
1010 3700 1144 3757 Eskius.
1173 3700 1243 3766 Quas
1266 3701 1354 3756 males?
1444 3702 1507 3757 De·

218 3786 386 3859 sporatio.
416 3785 474 3840 D'ou
499 3795 525 3841 te
549 3788 598 3843 iam
621 3787 715 3843 (lucam
737 3787 768 3842 acl
792 3787 878 3850 anilem
901 3786 927 3841 io
951 3785 1138 3842 monachatum
1162 3786 1275 3841 trullam.
1361 3785 1505 3842 Eolrirrs.

216 3870 274 3925 b'on
298 3871 392 3925 roerrri.
478 3871 694 3945 Desperatio.
729 3871 834 3945 Terque
857 3880 1022 3945 qiraterquc:
1046 3870 1106 3943 epiris
1129 3871 1198 3925 enim
1222 3887 1294 3925 tuna]
1317 3869 1444 3942 gloriolas
1468 3872 1546 3930 sisu

217 3954 287 4010 milis
309 3963 434 4029 captator
457 3974 573 4031 unquam
597 3957 678 4011 visit?
710 3956 771 4030 quis
793 3956 859 4012 acleo
882 3955 916 4012 ab
938 3955 1003 4012 orbe
1026 3955 1135 4011 conclito
1159 3974 1218 4011 sese
1241 3964 1267 4011 ot
1290 3955 1438 4010 adaniratus
1461 3966 1506 4013 est

283 4222 293 4252 ⁵
317 4224 353 4273 cl.
368 4222 490 4273 luvenal.
505 4223 551 4272 Vl.
570 4222 623 4272 lii.
711 4223 721 4254 ⁷
744 4223 868 4272 ‹lmittum
892 4225 933 4273 ed.
1008 4218 1181 4286 passionen.
1202 4222 1380 4271 ‘extrinsecus
1403 4222 1505 4288 despe-

215 4309 362 4371 rationem,
384 4310 456 4358 intus
469 4308 582 4356 divitias
602 4313 629 4356 et
642 4308 826 4358 valatiulinem
845 4308 952 4357 bonam’
966 4346 973 4361 .
987 4308 1081 4358 trascio
1100 4323 1134 4357 an
1153 4307 1212 4357 haeo
1231 4306 1316 4357 verba
1336 4323 1367 4354 ex
1387 4308 1504 4372 antiquo

214 4393 348 4458 scriptore
367 4399 475 4458 saraipta
493 4394 557 4441 sint.
629 4391 649 4423 ¹²
667 4393 710 4443 Ol.
725 4393 786 4443 adri.
801 4391 835 4458 a]
855 4394 951 4443 Horat.
966 4391 1148 4455 satll.3‚3at.
1213 4391 1232 4423 ¹⁸
1252 4391 1363 4454 „nobile
1381 4408 1503 4457 namque

215 4480 315 4529 Pectus
334 4484 361 4528 et
373 4478 518 4528 Herculeo.¹
531 4477 719 4542 sirrrplioitatis
736 4479 849 4529 habes.”
869 4479 947 4529 Ovio.
963 4495 1024 4543 epp.
1039 4495 1072 4527 ex
1085 4480 1172 4529 Ponto
1190 4476 1313 4538 111.3‚so.
1328 4491 1367 4541 aq.
1414 4475 1437 4508 ²⁰
1456 4479 1502 4530 lic.

213 4562 281 4629 hon]
297 4563 473 4613 Memorabile
488 4562 539 4611 boc
553 4570 580 4612 et
594 4563 739 4613 anartium
758 4565 979 4615 mechanicarum
997 4564 1139 4614 historiam
1159 4563 1349 4630 explicanelam
1367 4577 1421 4611 non
1441 4563 1502 4613 iun-

214 4649 272 4698 tile.
326 4646 348 4678 ²*
367 4648 516 4697 Lntberum
541 4654 657 4699 exorante
677 4665 769 4699 meuse
788 4649 867 4699 lunio
886 4666 911 4699 a.
927 4648 999 4698 1525.
1013 4651 1124 4713 nuptias
1144 4650 1312 4700 contraxisse
1332 4652 1450 4697 constat.
1473 4659 1504 4700 ct

213 4747 267 4783 oon
286 4733 318 4782 clo
338 4733 424 4798 ipsius
441 4733 557 4784 Lntheri
575 4735 622 4784 sed
639 4733 674 4783 da
692 4734 909 4784 Lutbaranorum
927 4734 1031 4799 nuptiis
1049 4734 1074 4783 h.
1088 4733 1105 4784 l.
1119 4735 1228 4784 dicitur.
1279 4733 1302 4766 ³⁰
1320 4749 1404 4798 queso
1422 4735 1464 4783 ed.
