<?xml version="1.0" encoding="UTF-8"?>
<!DOCTYPE html PUBLIC "-//W3C//DTD XHTML 1.0 Transitional//EN"
    "http://www.w3.org/TR/xhtml1/DTD/xhtml1-transitional.dtd">
<html xmlns="http://www.w3.org/1999/xhtml" xml:lang="en" lang="en">
 <head>
  <title>
</title>
<meta http-equiv="Content-Type" content="text/html;charset=utf-8" />
  <meta name='ocr-system' content='tesseract 3.04.00' />
  <meta name='ocr-capabilities' content='ocr_page ocr_carea ocr_par ocr_line ocrx_word'/>
</head>
<body>
  <div class='ocr_page' id='page_1' title='image "./ulrichihuttenie09huttgoog_0603.png"; bbox 0 0 3382 5370; ppageno 0'>
   <div class='ocr_carea' id='block_1_1' title="bbox 207 362 1056 430">
    <p class='ocr_par' dir='ltr' id='par_1_1' title="bbox 207 362 1056 430">
     <span class='ocr_line' id='line_1_1' title="bbox 207 362 1056 430; baseline -0.009 0"><span class='ocrx_word' id='word_1_1' title='bbox 207 362 279 430; x_wconf 65' lang='lat' dir='ltr'>57ss</span> <span class='ocrx_word' id='word_1_2' title='bbox 646 391 762 427; x_wconf 72' lang='lat' dir='ltr'>erutuet</span> <span class='ocrx_word' id='word_1_3' title='bbox 789 390 1056 424; x_wconf 77' lang='lat' dir='ltr'>Ptttrvuottvr&#39;rtrutct.</span> 
     </span>
    </p>
   </div>
   <div class='ocr_carea' id='block_1_2' title="bbox 151 546 1531 1473">
    <p class='ocr_par' dir='ltr' id='par_1_2' title="bbox 205 546 1498 708">
     <span class='ocr_line' id='line_1_2' title="bbox 205 546 1496 620; baseline -0.001 -16"><span class='ocrx_word' id='word_1_4' title='bbox 205 549 264 606; x_wconf 91' lang='lat' dir='ltr'>lens</span> <span class='ocrx_word' id='word_1_5' title='bbox 287 550 444 605; x_wconf 76' lang='lat' dir='ltr'>satisfacere</span> <span class='ocrx_word' id='word_1_6' title='bbox 468 549 617 604; x_wconf 85' lang='lat' dir='ltr'>iuramento</span> <span class='ocrx_word' id='word_1_7' title='bbox 641 566 700 605; x_wconf 83' lang='lat' dir='ltr'>nica</span> <span class='ocrx_word' id='word_1_8' title='bbox 724 549 773 604; x_wconf 86' lang='lat' dir='ltr'>leei</span> <span class='ocrx_word' id='word_1_9' title='bbox 797 548 885 603; x_wconf 78' lang='lat' dir='ltr'>vocari</span> <span class='ocrx_word' id='word_1_10' title='bbox 908 546 1127 620; x_wconf 88' lang='lat' dir='ltr'>llagistralitates</span> <span class='ocrx_word' id='word_1_11' title='bbox 1150 557 1253 603; x_wconf 83' lang='lat' dir='ltr'>vestras</span> <span class='ocrx_word' id='word_1_12' title='bbox 1276 549 1307 603; x_wconf 90' lang='lat' dir='ltr'>ad</span> <span class='ocrx_word' id='word_1_13' title='bbox 1336 548 1496 605; x_wconf 88' lang='lat' dir='ltr'>hahendam</span> 
     </span>
     <span class='ocr_line' id='line_1_3' title="bbox 206 632 1498 708; baseline -0.002 -16"><span class='ocrx_word' id='word_1_14' title='bbox 206 634 348 692; x_wconf 87' lang='lat' dir='ltr'>concilium</span> <span class='ocrx_word' id='word_1_15' title='bbox 371 652 453 708; x_wconf 91' lang='lat' dir='ltr'>super</span> <span class='ocrx_word' id='word_1_16' title='bbox 473 633 626 689; x_wconf 89' lang='lat' dir='ltr'>huiusmodi</span> <span class='ocrx_word' id='word_1_17' title='bbox 648 634 779 689; x_wconf 76' lang='lat' dir='ltr'>doctrinis</span> <span class='ocrx_word' id='word_1_18' title='bbox 808 633 957 692; x_wconf 71' lang='lat' dir='ltr'>haereticis.</span> <span class='ocrx_word' id='word_1_19' title='bbox 987 632 1166 693; x_wconf 88' lang='lat' dir='ltr'>scamlalosis.</span> <span class='ocrx_word' id='word_1_20' title='bbox 1196 633 1360 706; x_wconf 87' lang='lat' dir='ltr'>blasphemis</span> <span class='ocrx_word' id='word_1_21' title='bbox 1383 642 1412 689; x_wconf 87' lang='lat' dir='ltr'>et</span> <span class='ocrx_word' id='word_1_22' title='bbox 1437 635 1498 707; x_wconf 85' lang='lat' dir='ltr'>pia·</span> 
     </span>
    </p>

    <p class='ocr_par' dir='ltr' id='par_1_3' title="bbox 151 717 1531 1473">
     <span class='ocr_line' id='line_1_4' title="bbox 151 717 1497 792; baseline -0.004 -16"><span class='ocrx_word' id='word_1_23' title='bbox 151 720 267 776; x_wconf 52' lang='lat' dir='ltr'>§sl-rum</span> <span class='ocrx_word' id='word_1_24' title='bbox 290 720 395 775; x_wconf 80' lang='lat' dir='ltr'>ruuium</span> <span class='ocrx_word' id='word_1_25' title='bbox 420 718 570 780; x_wconf 71' lang='lat' dir='ltr'>ollariasivis,</span> <span class='ocrx_word' id='word_1_26' title='bbox 600 719 665 792; x_wconf 88' lang='lat' dir='ltr'>quid</span> <span class='ocrx_word' id='word_1_27' title='bbox 688 717 762 773; x_wconf 82' lang='lat' dir='ltr'>rolris</span> <span class='ocrx_word' id='word_1_28' title='bbox 784 717 898 773; x_wconf 88' lang='lat' dir='ltr'>dominis</span> <span class='ocrx_word' id='word_1_29' title='bbox 921 718 1049 772; x_wconf 77' lang='lat' dir='ltr'>sulcatur.</span> <span class='ocrx_word' id='word_1_30' title='bbox 1094 718 1168 774; x_wconf 79' lang='lat' dir='ltr'>hicet</span> <span class='ocrx_word' id='word_1_31' title='bbox 1195 720 1265 773; x_wconf 92' lang='lat' dir='ltr'>euim</span> <span class='ocrx_word' id='word_1_32' title='bbox 1296 736 1366 774; x_wconf 83' lang='lat' dir='ltr'>atino</span> <span class='ocrx_word' id='word_1_33' title='bbox 1388 735 1497 792; x_wconf 79' lang='lat' dir='ltr'>praece·</span> 
     </span>
     <span class='ocr_line' id='line_1_5' title="bbox 204 803 1496 878; baseline -0.001 -19"><span class='ocrx_word' id='word_1_34' title='bbox 204 805 277 861; x_wconf 91' lang='lat' dir='ltr'>denti</span> <span class='ocrx_word' id='word_1_35' title='bbox 301 806 446 859; x_wconf 83' lang='lat' dir='ltr'>sermidam</span> <span class='ocrx_word' id='word_1_36' title='bbox 469 821 625 878; x_wconf 89' lang='lat' dir='ltr'>processum</span> <span class='ocrx_word' id='word_1_37' title='bbox 648 810 770 858; x_wconf 91' lang='lat' dir='ltr'>nastrum</span> <span class='ocrx_word' id='word_1_38' title='bbox 792 803 1027 858; x_wconf 81' lang='lat' dir='ltr'>condemnavimus</span> <span class='ocrx_word' id='word_1_39' title='bbox 1049 803 1411 876; x_wconf 83' lang='lat' dir='ltr'>propositionescniusdam</span> <span class='ocrx_word' id='word_1_40' title='bbox 1437 803 1496 859; x_wconf 84' lang='lat' dir='ltr'>ira·</span> 
     </span>
     <span class='ocr_line' id='line_1_6' title="bbox 206 886 1518 961; baseline -0.002 -16"><span class='ocrx_word' id='word_1_41' title='bbox 206 891 256 945; x_wconf 88' lang='lat' dir='ltr'>tris</span> <span class='ocrx_word' id='word_1_42' title='bbox 271 889 303 944; x_wconf 92' lang='lat' dir='ltr'>de</span> <span class='ocrx_word' id='word_1_43' title='bbox 320 890 413 944; x_wconf 87' lang='lat' dir='ltr'>ordine</span> <span class='ocrx_word' id='word_1_44' title='bbox 428 889 513 944; x_wconf 87' lang='lat' dir='ltr'>satrcti</span> <span class='ocrx_word' id='word_1_45' title='bbox 531 888 687 960; x_wconf 74' lang='lat' dir='ltr'>Augustini,</span> <span class='ocrx_word' id='word_1_46' title='bbox 712 888 746 943; x_wconf 91' lang='lat' dir='ltr'>ita</span> <span class='ocrx_word' id='word_1_47' title='bbox 771 888 841 961; x_wconf 88' lang='lat' dir='ltr'>quod</span> <span class='ocrx_word' id='word_1_48' title='bbox 865 887 931 942; x_wconf 92' lang='lat' dir='ltr'>nihil</span> <span class='ocrx_word' id='word_1_49' title='bbox 954 888 1062 942; x_wconf 85' lang='lat' dir='ltr'>orunino</span> <span class='ocrx_word' id='word_1_50' title='bbox 1086 886 1219 948; x_wconf 85' lang='lat' dir='ltr'>valerent.</span> <span class='ocrx_word' id='word_1_51' title='bbox 1245 897 1331 943; x_wconf 87' lang='lat' dir='ltr'>tamen</span> <span class='ocrx_word' id='word_1_52' title='bbox 1355 888 1418 961; x_wconf 89' lang='lat' dir='ltr'>quia</span> <span class='ocrx_word' id='word_1_53' title='bbox 1443 888 1518 942; x_wconf 73' lang='lat' dir='ltr'>illes</span> 
     </span>
     <span class='ocr_line' id='line_1_7' title="bbox 204 971 1494 1047; baseline -0.002 -18"><span class='ocrx_word' id='word_1_54' title='bbox 204 975 273 1030; x_wconf 88' lang='lat' dir='ltr'>idem</span> <span class='ocrx_word' id='word_1_55' title='bbox 297 976 381 1030; x_wconf 86' lang='lat' dir='ltr'>hater</span> <span class='ocrx_word' id='word_1_56' title='bbox 402 991 455 1028; x_wconf 91' lang='lat' dir='ltr'>noa</span> <span class='ocrx_word' id='word_1_57' title='bbox 478 982 565 1028; x_wconf 86' lang='lat' dir='ltr'>cessat</span> <span class='ocrx_word' id='word_1_58' title='bbox 588 974 721 1047; x_wconf 78' lang='lat' dir='ltr'>perversis</span> <span class='ocrx_word' id='word_1_59' title='bbox 744 990 800 1028; x_wconf 85' lang='lat' dir='ltr'>saus</span> <span class='ocrx_word' id='word_1_60' title='bbox 821 972 953 1028; x_wconf 89' lang='lat' dir='ltr'>doctrinis</span> <span class='ocrx_word' id='word_1_61' title='bbox 975 972 1102 1027; x_wconf 87' lang='lat' dir='ltr'>seducere</span> <span class='ocrx_word' id='word_1_62' title='bbox 1126 971 1269 1046; x_wconf 86' lang='lat' dir='ltr'>popnhun.</span> <span class='ocrx_word' id='word_1_63' title='bbox 1293 982 1319 1028; x_wconf 93' lang='lat' dir='ltr'>et</span> <span class='ocrx_word' id='word_1_64' title='bbox 1342 981 1420 1028; x_wconf 84' lang='lat' dir='ltr'>vocat</span> <span class='ocrx_word' id='word_1_65' title='bbox 1439 990 1494 1028; x_wconf 87' lang='lat' dir='ltr'>nos</span> 
     </span>
     <span class='ocr_line' id='line_1_8' title="bbox 205 1057 1495 1132; baseline -0.002 -17"><span class='ocrx_word' id='word_1_66' title='bbox 205 1060 349 1115; x_wconf 82' lang='lat' dir='ltr'>haereticos</span> <span class='ocrx_word' id='word_1_67' title='bbox 371 1067 397 1113; x_wconf 91' lang='lat' dir='ltr'>et</span> <span class='ocrx_word' id='word_1_68' title='bbox 421 1059 560 1132; x_wconf 88' lang='lat' dir='ltr'>phariseos</span> <span class='ocrx_word' id='word_1_69' title='bbox 588 1066 615 1113; x_wconf 92' lang='lat' dir='ltr'>et</span> <span class='ocrx_word' id='word_1_70' title='bbox 644 1059 736 1120; x_wconf 85' lang='lat' dir='ltr'>rudes,</span> <span class='ocrx_word' id='word_1_71' title='bbox 766 1058 917 1113; x_wconf 88' lang='lat' dir='ltr'>nescientes</span> <span class='ocrx_word' id='word_1_72' title='bbox 945 1057 1111 1130; x_wconf 83' lang='lat' dir='ltr'>scripturas,</span> <span class='ocrx_word' id='word_1_73' title='bbox 1141 1059 1320 1113; x_wconf 88' lang='lat' dir='ltr'>necessarium</span> <span class='ocrx_word' id='word_1_74' title='bbox 1349 1057 1429 1119; x_wconf 77' lang='lat' dir='ltr'>altari,</span> <span class='ocrx_word' id='word_1_75' title='bbox 1461 1067 1495 1113; x_wconf 90' lang='lat' dir='ltr'>ut</span> 
     </span>
     <span class='ocr_line' id='line_1_9' title="bbox 205 1141 1493 1217; baseline -0.001 -18"><span class='ocrx_word' id='word_1_76' title='bbox 205 1144 312 1200; x_wconf 89' lang='lat' dir='ltr'>easdem</span> <span class='ocrx_word' id='word_1_77' title='bbox 336 1144 538 1217; x_wconf 78' lang='lat' dir='ltr'>propositiones</span> <span class='ocrx_word' id='word_1_78' title='bbox 560 1160 620 1199; x_wconf 90' lang='lat' dir='ltr'>cum</span> <span class='ocrx_word' id='word_1_79' title='bbox 643 1141 734 1197; x_wconf 90' lang='lat' dir='ltr'>multis</span> <span class='ocrx_word' id='word_1_80' title='bbox 757 1142 872 1215; x_wconf 77' lang='lat' dir='ltr'>dialogis</span> <span class='ocrx_word' id='word_1_81' title='bbox 895 1141 1008 1197; x_wconf 88' lang='lat' dir='ltr'>aliorum</span> <span class='ocrx_word' id='word_1_82' title='bbox 1032 1142 1128 1197; x_wconf 87' lang='lat' dir='ltr'>iterum</span> <span class='ocrx_word' id='word_1_83' title='bbox 1152 1160 1200 1215; x_wconf 93' lang='lat' dir='ltr'>per</span> <span class='ocrx_word' id='word_1_84' title='bbox 1220 1144 1337 1197; x_wconf 88' lang='lat' dir='ltr'>erilrmu</span> <span class='ocrx_word' id='word_1_85' title='bbox 1355 1158 1493 1216; x_wconf 86' lang='lat' dir='ltr'>separem.</span> 
     </span>
     <span class='ocr_line' id='line_1_10' title="bbox 206 1226 1494 1302; baseline 0 -19"><span class='ocrx_word' id='word_1_86' title='bbox 206 1239 237 1284; x_wconf 95' lang='lat' dir='ltr'>ut</span> <span class='ocrx_word' id='word_1_87' title='bbox 259 1228 350 1302; x_wconf 90' lang='lat' dir='ltr'>paleas</span> <span class='ocrx_word' id='word_1_88' title='bbox 373 1228 563 1283; x_wconf 84' lang='lat' dir='ltr'>cantharamus</span> <span class='ocrx_word' id='word_1_89' title='bbox 586 1228 647 1300; x_wconf 89' lang='lat' dir='ltr'>igue</span> <span class='ocrx_word' id='word_1_90' title='bbox 671 1226 877 1300; x_wconf 80' lang='lat' dir='ltr'>inextinguibili.</span> <span class='ocrx_word' id='word_1_91' title='bbox 924 1236 1025 1289; x_wconf 82' lang='lat' dir='ltr'>tamen,</span> <span class='ocrx_word' id='word_1_92' title='bbox 1051 1227 1120 1282; x_wconf 91' lang='lat' dir='ltr'>sicut</span> <span class='ocrx_word' id='word_1_93' title='bbox 1149 1227 1232 1282; x_wconf 82' lang='lat' dir='ltr'>tatoris</span> <span class='ocrx_word' id='word_1_94' title='bbox 1259 1237 1314 1289; x_wconf 86' lang='lat' dir='ltr'>est,</span> <span class='ocrx_word' id='word_1_95' title='bbox 1345 1235 1494 1301; x_wconf 86' lang='lat' dir='ltr'>autequam</span> 
     </span>
     <span class='ocr_line' id='line_1_11' title="bbox 205 1311 1531 1387; baseline -0.004 -17"><span class='ocrx_word' id='word_1_96' title='bbox 205 1314 347 1387; x_wconf 84' lang='lat' dir='ltr'>procedam</span> <span class='ocrx_word' id='word_1_97' title='bbox 371 1313 402 1368; x_wconf 91' lang='lat' dir='ltr'>ad</span> <span class='ocrx_word' id='word_1_98' title='bbox 427 1321 527 1375; x_wconf 88' lang='lat' dir='ltr'>actum,</span> <span class='ocrx_word' id='word_1_99' title='bbox 557 1312 617 1367; x_wconf 80' lang='lat' dir='ltr'>solo</span> <span class='ocrx_word' id='word_1_100' title='bbox 645 1312 721 1386; x_wconf 88' lang='lat' dir='ltr'>prius</span> <span class='ocrx_word' id='word_1_101' title='bbox 743 1313 834 1367; x_wconf 85' lang='lat' dir='ltr'>audire</span> <span class='ocrx_word' id='word_1_102' title='bbox 858 1313 1017 1367; x_wconf 84' lang='lat' dir='ltr'>sentimenta</span> <span class='ocrx_word' id='word_1_103' title='bbox 1040 1311 1228 1384; x_wconf 87' lang='lat' dir='ltr'>Magistrorum</span> <span class='ocrx_word' id='word_1_104' title='bbox 1257 1321 1430 1372; x_wconf 74' lang='lat' dir='ltr'>neutrarum:</span> <span class='ocrx_word' id='word_1_105' title='bbox 1461 1321 1531 1367; x_wconf 87' lang='lat' dir='ltr'>etta</span> 
     </span>
     <span class='ocr_line' id='line_1_12' title="bbox 205 1396 1101 1473; baseline -0.002 -20"><span class='ocrx_word' id='word_1_106' title='bbox 205 1399 306 1455; x_wconf 81' lang='lat' dir='ltr'>vacetis</span> <span class='ocrx_word' id='word_1_107' title='bbox 328 1398 465 1454; x_wconf 88' lang='lat' dir='ltr'>dominum</span> <span class='ocrx_word' id='word_1_108' title='bbox 488 1396 639 1473; x_wconf 89' lang='lat' dir='ltr'>pedellum.</span> <span class='ocrx_word' id='word_1_109' title='bbox 664 1404 693 1452; x_wconf 87' lang='lat' dir='ltr'>ut</span> <span class='ocrx_word' id='word_1_110' title='bbox 716 1398 803 1452; x_wconf 83' lang='lat' dir='ltr'>otrania</span> <span class='ocrx_word' id='word_1_111' title='bbox 826 1396 972 1471; x_wconf 78' lang='lat' dir='ltr'>diiigenter</span> <span class='ocrx_word' id='word_1_112' title='bbox 993 1396 1101 1452; x_wconf 89' lang='lat' dir='ltr'>scribat.</span> 
     </span>
    </p>
   </div>
   <div class='ocr_carea' id='block_1_3' title="bbox 150 1582 1531 3779">
    <p class='ocr_par' dir='ltr' id='par_1_4' title="bbox 151 1582 1530 2505">
     <span class='ocr_line' id='line_1_13' title="bbox 151 1582 1493 1657; baseline -0.001 -17"><span class='ocrx_word' id='word_1_113' title='bbox 151 1584 197 1634; x_wconf 76' lang='lat' dir='ltr'>§.a</span> <span class='ocrx_word' id='word_1_114' title='bbox 270 1585 485 1640; x_wconf 84' lang='lat' dir='ltr'>lloehstratu</span> <span class='ocrx_word' id='word_1_115' title='bbox 494 1602 515 1638; x_wconf 89' lang='lat' dir='ltr'>s.</span> <span class='ocrx_word' id='word_1_116' title='bbox 554 1583 680 1656; x_wconf 77' lang='lat' dir='ltr'>Magister</span> <span class='ocrx_word' id='word_1_117' title='bbox 703 1591 798 1638; x_wconf 89' lang='lat' dir='ltr'>noster</span> <span class='ocrx_word' id='word_1_118' title='bbox 820 1582 934 1656; x_wconf 84' lang='lat' dir='ltr'>lluplex.</span> <span class='ocrx_word' id='word_1_119' title='bbox 958 1584 1027 1639; x_wconf 90' lang='lat' dir='ltr'>sieut</span> <span class='ocrx_word' id='word_1_120' title='bbox 1049 1584 1117 1644; x_wconf 81' lang='lat' dir='ltr'>disi.</span> <span class='ocrx_word' id='word_1_121' title='bbox 1141 1583 1304 1657; x_wconf 77' lang='lat' dir='ltr'>quidnobis</span> <span class='ocrx_word' id='word_1_122' title='bbox 1327 1584 1433 1639; x_wconf 81' lang='lat' dir='ltr'>videtur</span> <span class='ocrx_word' id='word_1_123' title='bbox 1455 1584 1493 1640; x_wconf 92' lang='lat' dir='ltr'>de</span> 
     </span>
     <span class='ocr_line' id='line_1_14' title="bbox 206 1667 1492 1742; baseline 0 -18"><span class='ocrx_word' id='word_1_124' title='bbox 206 1669 261 1724; x_wconf 90' lang='lat' dir='ltr'>ilhs</span> <span class='ocrx_word' id='word_1_125' title='bbox 284 1671 360 1725; x_wconf 86' lang='lat' dir='ltr'>noris</span> <span class='ocrx_word' id='word_1_126' title='bbox 383 1670 471 1742; x_wconf 90' lang='lat' dir='ltr'>poetis</span> <span class='ocrx_word' id='word_1_127' title='bbox 493 1677 520 1724; x_wconf 91' lang='lat' dir='ltr'>et</span> <span class='ocrx_word' id='word_1_128' title='bbox 542 1669 574 1723; x_wconf 88' lang='lat' dir='ltr'>dc</span> <span class='ocrx_word' id='word_1_129' title='bbox 597 1667 651 1723; x_wconf 90' lang='lat' dir='ltr'>illis</span> <span class='ocrx_word' id='word_1_130' title='bbox 674 1667 838 1723; x_wconf 76' lang='lat' dir='ltr'>novitatibus</span> <span class='ocrx_word' id='word_1_131' title='bbox 860 1685 920 1740; x_wconf 71' lang='lat' dir='ltr'>qliae</span> <span class='ocrx_word' id='word_1_132' title='bbox 943 1669 993 1723; x_wconf 88' lang='lat' dir='ltr'>iam</span> <span class='ocrx_word' id='word_1_133' title='bbox 1017 1687 1065 1741; x_wconf 92' lang='lat' dir='ltr'>per</span> <span class='ocrx_word' id='word_1_134' title='bbox 1088 1677 1171 1724; x_wconf 89' lang='lat' dir='ltr'>artem</span> <span class='ocrx_word' id='word_1_135' title='bbox 1195 1668 1408 1742; x_wconf 83' lang='lat' dir='ltr'>impressoriam,</span> <span class='ocrx_word' id='word_1_136' title='bbox 1435 1669 1492 1725; x_wconf 81' lang='lat' dir='ltr'>iano</span> 
     </span>
     <span class='ocr_line' id='line_1_15' title="bbox 206 1752 1530 1827; baseline -0.004 -18"><span class='ocrx_word' id='word_1_137' title='bbox 206 1754 381 1815; x_wconf 82' lang='lat' dir='ltr'>diabolicam,</span> <span class='ocrx_word' id='word_1_138' title='bbox 405 1754 607 1827; x_wconf 86' lang='lat' dir='ltr'>impriruuntur:</span> <span class='ocrx_word' id='word_1_139' title='bbox 630 1754 653 1808; x_wconf 90' lang='lat' dir='ltr'>si</span> <span class='ocrx_word' id='word_1_140' title='bbox 674 1752 835 1808; x_wconf 90' lang='lat' dir='ltr'>dindttimus</span> <span class='ocrx_word' id='word_1_141' title='bbox 858 1770 905 1805; x_wconf 84' lang='lat' dir='ltr'>eos</span> <span class='ocrx_word' id='word_1_142' title='bbox 928 1753 980 1817; x_wconf 86' lang='lat' dir='ltr'>sie,</span> <span class='ocrx_word' id='word_1_143' title='bbox 1003 1754 1090 1807; x_wconf 88' lang='lat' dir='ltr'>omuis</span> <span class='ocrx_word' id='word_1_144' title='bbox 1112 1752 1230 1827; x_wconf 90' lang='lat' dir='ltr'>populus</span> <span class='ocrx_word' id='word_1_145' title='bbox 1254 1754 1329 1808; x_wconf 81' lang='lat' dir='ltr'>iudet</span> <span class='ocrx_word' id='word_1_146' title='bbox 1352 1763 1415 1826; x_wconf 90' lang='lat' dir='ltr'>post</span> <span class='ocrx_word' id='word_1_147' title='bbox 1439 1764 1530 1808; x_wconf 82' lang='lat' dir='ltr'>easta</span> 
     </span>
     <span class='ocr_line' id='line_1_16' title="bbox 206 1836 1493 1911; baseline -0.001 -18"><span class='ocrx_word' id='word_1_148' title='bbox 206 1848 234 1894; x_wconf 89' lang='lat' dir='ltr'>et</span> <span class='ocrx_word' id='word_1_149' title='bbox 255 1847 448 1895; x_wconf 84' lang='lat' dir='ltr'>convertentur</span> <span class='ocrx_word' id='word_1_150' title='bbox 470 1839 501 1893; x_wconf 90' lang='lat' dir='ltr'>ad</span> <span class='ocrx_word' id='word_1_151' title='bbox 525 1836 598 1893; x_wconf 91' lang='lat' dir='ltr'>illum</span> <span class='ocrx_word' id='word_1_152' title='bbox 623 1856 718 1893; x_wconf 84' lang='lat' dir='ltr'>norrun</span> <span class='ocrx_word' id='word_1_153' title='bbox 742 1836 864 1897; x_wconf 79' lang='lat' dir='ltr'>triadum.</span> <span class='ocrx_word' id='word_1_154' title='bbox 893 1847 919 1891; x_wconf 93' lang='lat' dir='ltr'>et</span> <span class='ocrx_word' id='word_1_155' title='bbox 945 1838 1093 1911; x_wconf 85' lang='lat' dir='ltr'>despicient</span> <span class='ocrx_word' id='word_1_156' title='bbox 1116 1856 1218 1893; x_wconf 88' lang='lat' dir='ltr'>sacrum</span> <span class='ocrx_word' id='word_1_157' title='bbox 1242 1838 1417 1910; x_wconf 84' lang='lat' dir='ltr'>Theolugiam</span> <span class='ocrx_word' id='word_1_158' title='bbox 1441 1837 1493 1892; x_wconf 90' lang='lat' dir='ltr'>do·</span> 
     </span>
     <span class='ocr_line' id='line_1_17' title="bbox 206 1921 1492 1996; baseline -0.001 -18"><span class='ocrx_word' id='word_1_159' title='bbox 206 1925 291 1979; x_wconf 87' lang='lat' dir='ltr'>cteris</span> <span class='ocrx_word' id='word_1_160' title='bbox 315 1923 404 1978; x_wconf 76' lang='lat' dir='ltr'>Sarrrcti</span> <span class='ocrx_word' id='word_1_161' title='bbox 427 1932 455 1978; x_wconf 91' lang='lat' dir='ltr'>et</span> <span class='ocrx_word' id='word_1_162' title='bbox 477 1923 591 1978; x_wconf 90' lang='lat' dir='ltr'>aliorum</span> <span class='ocrx_word' id='word_1_163' title='bbox 615 1923 803 1995; x_wconf 87' lang='lat' dir='ltr'>llagistrorum</span> <span class='ocrx_word' id='word_1_164' title='bbox 827 1930 984 1977; x_wconf 90' lang='lat' dir='ltr'>nostrorum</span> <span class='ocrx_word' id='word_1_165' title='bbox 1008 1923 1252 1996; x_wconf 72' lang='lat' dir='ltr'>predecessorum:</span> <span class='ocrx_word' id='word_1_166' title='bbox 1275 1932 1302 1978; x_wconf 91' lang='lat' dir='ltr'>et</span> <span class='ocrx_word' id='word_1_167' title='bbox 1324 1923 1433 1978; x_wconf 81' lang='lat' dir='ltr'>rement</span> <span class='ocrx_word' id='word_1_168' title='bbox 1450 1921 1492 1977; x_wconf 93' lang='lat' dir='ltr'>illi</span> 
     </span>
     <span class='ocr_line' id='line_1_18' title="bbox 207 2007 1494 2082; baseline 0.002 -21"><span class='ocrx_word' id='word_1_169' title='bbox 207 2007 348 2066; x_wconf 78' lang='lat' dir='ltr'>alaietiruli.</span> <span class='ocrx_word' id='word_1_170' title='bbox 377 2016 404 2063; x_wconf 92' lang='lat' dir='ltr'>et</span> <span class='ocrx_word' id='word_1_171' title='bbox 427 2007 523 2063; x_wconf 88' lang='lat' dir='ltr'>tollent</span> <span class='ocrx_word' id='word_1_172' title='bbox 547 2025 658 2080; x_wconf 87' lang='lat' dir='ltr'>regnum</span> <span class='ocrx_word' id='word_1_173' title='bbox 681 2016 817 2067; x_wconf 83' lang='lat' dir='ltr'>nostrum.</span> <span class='ocrx_word' id='word_1_174' title='bbox 847 2015 875 2061; x_wconf 91' lang='lat' dir='ltr'>et</span> <span class='ocrx_word' id='word_1_175' title='bbox 896 2024 949 2062; x_wconf 92' lang='lat' dir='ltr'>noo</span> <span class='ocrx_word' id='word_1_176' title='bbox 973 2008 1122 2080; x_wconf 89' lang='lat' dir='ltr'>poterimus</span> <span class='ocrx_word' id='word_1_177' title='bbox 1145 2007 1259 2082; x_wconf 81' lang='lat' dir='ltr'>attriplius</span> <span class='ocrx_word' id='word_1_178' title='bbox 1283 2007 1413 2069; x_wconf 77' lang='lat' dir='ltr'>villicare.</span> <span class='ocrx_word' id='word_1_179' title='bbox 1443 2007 1494 2064; x_wconf 91' lang='lat' dir='ltr'>de·</span> 
     </span>
     <span class='ocr_line' id='line_1_19' title="bbox 207 2091 1493 2166; baseline 0.002 -21"><span class='ocrx_word' id='word_1_180' title='bbox 207 2094 297 2166; x_wconf 86' lang='lat' dir='ltr'>cipere</span> <span class='ocrx_word' id='word_1_181' title='bbox 327 2093 451 2166; x_wconf 84' lang='lat' dir='ltr'>antiquas</span> <span class='ocrx_word' id='word_1_182' title='bbox 479 2092 595 2153; x_wconf 83' lang='lat' dir='ltr'>vetulas.</span> <span class='ocrx_word' id='word_1_183' title='bbox 628 2109 802 2165; x_wconf 83' lang='lat' dir='ltr'>eomumpere</span> <span class='ocrx_word' id='word_1_184' title='bbox 830 2091 967 2164; x_wconf 79' lang='lat' dir='ltr'>Principes</span> <span class='ocrx_word' id='word_1_185' title='bbox 1000 2110 1049 2165; x_wconf 89' lang='lat' dir='ltr'>per</span> <span class='ocrx_word' id='word_1_186' title='bbox 1083 2101 1188 2147; x_wconf 89' lang='lat' dir='ltr'>nostras</span> <span class='ocrx_word' id='word_1_187' title='bbox 1222 2093 1304 2148; x_wconf 90' lang='lat' dir='ltr'>malas</span> <span class='ocrx_word' id='word_1_188' title='bbox 1337 2094 1493 2154; x_wconf 84' lang='lat' dir='ltr'>suasiones.</span> 
     </span>
     <span class='ocr_line' id='line_1_20' title="bbox 208 2177 1528 2252; baseline -0.002 -19"><span class='ocrx_word' id='word_1_189' title='bbox 208 2178 315 2251; x_wconf 80' lang='lat' dir='ltr'>‹paando</span> <span class='ocrx_word' id='word_1_190' title='bbox 337 2178 415 2233; x_wconf 86' lang='lat' dir='ltr'>nohis</span> <span class='ocrx_word' id='word_1_191' title='bbox 436 2177 613 2239; x_wconf 73' lang='lat' dir='ltr'>comitantum</span> <span class='ocrx_word' id='word_1_192' title='bbox 642 2186 669 2232; x_wconf 91' lang='lat' dir='ltr'>et</span> <span class='ocrx_word' id='word_1_193' title='bbox 697 2195 746 2252; x_wconf 92' lang='lat' dir='ltr'>per</span> <span class='ocrx_word' id='word_1_194' title='bbox 772 2193 942 2249; x_wconf 85' lang='lat' dir='ltr'>consequeus</span> <span class='ocrx_word' id='word_1_195' title='bbox 971 2178 1077 2249; x_wconf 77' lang='lat' dir='ltr'>‹pararado</span> <span class='ocrx_word' id='word_1_196' title='bbox 1100 2178 1277 2251; x_wconf 82' lang='lat' dir='ltr'>praedicamus</span> <span class='ocrx_word' id='word_1_197' title='bbox 1299 2179 1330 2233; x_wconf 95' lang='lat' dir='ltr'>ad</span> <span class='ocrx_word' id='word_1_198' title='bbox 1353 2178 1528 2252; x_wconf 76' lang='lat' dir='ltr'>popularnao</span> 
     </span>
     <span class='ocr_line' id='line_1_21' title="bbox 207 2261 1492 2336; baseline 0 -18"><span class='ocrx_word' id='word_1_199' title='bbox 207 2271 301 2318; x_wconf 75' lang='lat' dir='ltr'>‹taotra</span> <span class='ocrx_word' id='word_1_200' title='bbox 325 2262 387 2317; x_wconf 90' lang='lat' dir='ltr'>illos</span> <span class='ocrx_word' id='word_1_201' title='bbox 409 2262 571 2323; x_wconf 85' lang='lat' dir='ltr'>nebulones,</span> <span class='ocrx_word' id='word_1_202' title='bbox 595 2270 622 2317; x_wconf 89' lang='lat' dir='ltr'>et</span> <span class='ocrx_word' id='word_1_203' title='bbox 643 2261 683 2317; x_wconf 89' lang='lat' dir='ltr'>eis</span> <span class='ocrx_word' id='word_1_204' title='bbox 705 2262 912 2321; x_wconf 83' lang='lat' dir='ltr'>detraxerhmrs.</span> <span class='ocrx_word' id='word_1_205' title='bbox 937 2262 1031 2317; x_wconf 89' lang='lat' dir='ltr'>rustici</span> <span class='ocrx_word' id='word_1_206' title='bbox 1054 2279 1108 2318; x_wconf 93' lang='lat' dir='ltr'>uon</span> <span class='ocrx_word' id='word_1_207' title='bbox 1131 2264 1255 2319; x_wconf 86' lang='lat' dir='ltr'>credent:</span> <span class='ocrx_word' id='word_1_208' title='bbox 1278 2272 1305 2318; x_wconf 90' lang='lat' dir='ltr'>et</span> <span class='ocrx_word' id='word_1_209' title='bbox 1327 2280 1376 2336; x_wconf 88' lang='lat' dir='ltr'>per</span> <span class='ocrx_word' id='word_1_210' title='bbox 1391 2280 1492 2318; x_wconf 84' lang='lat' dir='ltr'>eonse-</span> 
     </span>
     <span class='ocr_line' id='line_1_22' title="bbox 208 2346 1492 2422; baseline 0.001 -21"><span class='ocrx_word' id='word_1_211' title='bbox 208 2366 293 2421; x_wconf 86' lang='lat' dir='ltr'>qoens</span> <span class='ocrx_word' id='word_1_212' title='bbox 316 2364 369 2402; x_wconf 93' lang='lat' dir='ltr'>non</span> <span class='ocrx_word' id='word_1_213' title='bbox 391 2347 492 2402; x_wconf 90' lang='lat' dir='ltr'>dalmat</span> <span class='ocrx_word' id='word_1_214' title='bbox 515 2346 592 2402; x_wconf 90' lang='lat' dir='ltr'>nohis</span> <span class='ocrx_word' id='word_1_215' title='bbox 614 2364 708 2402; x_wconf 84' lang='lat' dir='ltr'>caseos</span> <span class='ocrx_word' id='word_1_216' title='bbox 729 2356 756 2402; x_wconf 94' lang='lat' dir='ltr'>et</span> <span class='ocrx_word' id='word_1_217' title='bbox 779 2364 827 2402; x_wconf 84' lang='lat' dir='ltr'>ora</span> <span class='ocrx_word' id='word_1_218' title='bbox 856 2355 883 2401; x_wconf 94' lang='lat' dir='ltr'>et</span> <span class='ocrx_word' id='word_1_219' title='bbox 913 2346 1104 2409; x_wconf 88' lang='lat' dir='ltr'>sehinehancs,</span> <span class='ocrx_word' id='word_1_220' title='bbox 1133 2348 1239 2422; x_wconf 85' lang='lat' dir='ltr'>qnartdo</span> <span class='ocrx_word' id='word_1_221' title='bbox 1270 2348 1388 2402; x_wconf 88' lang='lat' dir='ltr'>radimus</span> <span class='ocrx_word' id='word_1_222' title='bbox 1413 2347 1492 2403; x_wconf 87' lang='lat' dir='ltr'>rilla-</span> 
     </span>
     <span class='ocr_line' id='line_1_23' title="bbox 210 2431 994 2505; baseline -0.001 -18"><span class='ocrx_word' id='word_1_223' title='bbox 210 2441 280 2488; x_wconf 91' lang='lat' dir='ltr'>tum:</span> <span class='ocrx_word' id='word_1_224' title='bbox 303 2431 397 2487; x_wconf 89' lang='lat' dir='ltr'>Melius</span> <span class='ocrx_word' id='word_1_225' title='bbox 420 2441 461 2486; x_wconf 90' lang='lat' dir='ltr'>est</span> <span class='ocrx_word' id='word_1_226' title='bbox 483 2450 550 2505; x_wconf 88' lang='lat' dir='ltr'>ergo</span> <span class='ocrx_word' id='word_1_227' title='bbox 574 2432 720 2505; x_wconf 61' lang='lat' dir='ltr'>praeuenire</span> <span class='ocrx_word' id='word_1_228' title='bbox 743 2449 821 2504; x_wconf 87' lang='lat' dir='ltr'>quam</span> <span class='ocrx_word' id='word_1_229' title='bbox 844 2432 994 2504; x_wconf 74' lang='lat' dir='ltr'>proveniri.</span> 
     </span>
    </p>

    <p class='ocr_par' dir='ltr' id='par_1_5' title="bbox 151 2515 1527 3423">
     <span class='ocr_line' id='line_1_24' title="bbox 151 2515 1492 2591; baseline 0.005 -25"><span class='ocrx_word' id='word_1_230' title='bbox 151 2516 197 2566; x_wconf 73' lang='lat' dir='ltr'>§.h</span> <span class='ocrx_word' id='word_1_231' title='bbox 273 2516 453 2590; x_wconf 89' lang='lat' dir='ltr'>lluplicins.</span> <span class='ocrx_word' id='word_1_232' title='bbox 492 2515 590 2571; x_wconf 81' lang='lat' dir='ltr'>Exiruie</span> <span class='ocrx_word' id='word_1_233' title='bbox 618 2524 646 2570; x_wconf 91' lang='lat' dir='ltr'>et</span> <span class='ocrx_word' id='word_1_234' title='bbox 673 2517 911 2589; x_wconf 85' lang='lat' dir='ltr'>superductissime</span> <span class='ocrx_word' id='word_1_235' title='bbox 933 2516 1060 2589; x_wconf 80' lang='lat' dir='ltr'>Magister</span> <span class='ocrx_word' id='word_1_236' title='bbox 1087 2525 1193 2578; x_wconf 85' lang='lat' dir='ltr'>noster,</span> <span class='ocrx_word' id='word_1_237' title='bbox 1223 2535 1274 2587; x_wconf 79' lang='lat' dir='ltr'>ega</span> <span class='ocrx_word' id='word_1_238' title='bbox 1302 2517 1394 2572; x_wconf 89' lang='lat' dir='ltr'>nescio</span> <span class='ocrx_word' id='word_1_239' title='bbox 1423 2517 1492 2591; x_wconf 91' lang='lat' dir='ltr'>quid</span> 
     </span>
     <span class='ocr_line' id='line_1_25' title="bbox 205 2599 1527 2675; baseline -0.001 -19"><span class='ocrx_word' id='word_1_240' title='bbox 205 2602 304 2665; x_wconf 70' lang='lat' dir='ltr'>«lienum</span> <span class='ocrx_word' id='word_1_241' title='bbox 333 2620 384 2675; x_wconf 85' lang='lat' dir='ltr'>ego</span> <span class='ocrx_word' id='word_1_242' title='bbox 414 2601 481 2657; x_wconf 90' lang='lat' dir='ltr'>bene</span> <span class='ocrx_word' id='word_1_243' title='bbox 509 2600 602 2656; x_wconf 87' lang='lat' dir='ltr'>vellem</span> <span class='ocrx_word' id='word_1_244' title='bbox 631 2600 706 2655; x_wconf 80' lang='lat' dir='ltr'>vadiis</span> <span class='ocrx_word' id='word_1_245' title='bbox 734 2600 785 2655; x_wconf 90' lang='lat' dir='ltr'>hoe</span> <span class='ocrx_word' id='word_1_246' title='bbox 813 2599 894 2671; x_wconf 84' lang='lat' dir='ltr'>louge</span> <span class='ocrx_word' id='word_1_247' title='bbox 922 2610 984 2656; x_wconf 88' lang='lat' dir='ltr'>ante</span> <span class='ocrx_word' id='word_1_248' title='bbox 1014 2602 1128 2663; x_wconf 80' lang='lat' dir='ltr'>dixisse:</span> <span class='ocrx_word' id='word_1_249' title='bbox 1158 2602 1218 2661; x_wconf 85' lang='lat' dir='ltr'>sed.</span> <span class='ocrx_word' id='word_1_250' title='bbox 1248 2611 1278 2657; x_wconf 90' lang='lat' dir='ltr'>ut</span> <span class='ocrx_word' id='word_1_251' title='bbox 1306 2602 1370 2657; x_wconf 88' lang='lat' dir='ltr'>dicit</span> <span class='ocrx_word' id='word_1_252' title='bbox 1393 2602 1527 2663; x_wconf 65' lang='lat' dir='ltr'>[laetata</span> 
     </span>
     <span class='ocr_line' id='line_1_26' title="bbox 207 2684 1492 2760; baseline 0 -18"><span class='ocrx_word' id='word_1_253' title='bbox 207 2688 281 2742; x_wconf 89' lang='lat' dir='ltr'>tarde</span> <span class='ocrx_word' id='word_1_254' title='bbox 304 2703 400 2742; x_wconf 80' lang='lat' dir='ltr'>seuere</span> <span class='ocrx_word' id='word_1_255' title='bbox 422 2685 539 2747; x_wconf 83' lang='lat' dir='ltr'>subulci:</span> <span class='ocrx_word' id='word_1_256' title='bbox 563 2703 632 2740; x_wconf 84' lang='lat' dir='ltr'>rrarrrc</span> <span class='ocrx_word' id='word_1_257' title='bbox 655 2685 685 2740; x_wconf 93' lang='lat' dir='ltr'>ad</span> <span class='ocrx_word' id='word_1_258' title='bbox 709 2684 818 2757; x_wconf 90' lang='lat' dir='ltr'>longum</span> <span class='ocrx_word' id='word_1_259' title='bbox 841 2686 912 2740; x_wconf 83' lang='lat' dir='ltr'>vernt</span> <span class='ocrx_word' id='word_1_260' title='bbox 935 2686 1089 2758; x_wconf 81' lang='lat' dir='ltr'>uegmimu.</span> <span class='ocrx_word' id='word_1_261' title='bbox 1114 2695 1140 2741; x_wconf 91' lang='lat' dir='ltr'>et</span> <span class='ocrx_word' id='word_1_262' title='bbox 1164 2686 1333 2760; x_wconf 89' lang='lat' dir='ltr'>uudtiplicati</span> <span class='ocrx_word' id='word_1_263' title='bbox 1356 2694 1421 2741; x_wconf 84' lang='lat' dir='ltr'>snm</span> <span class='ocrx_word' id='word_1_264' title='bbox 1444 2705 1492 2742; x_wconf 90' lang='lat' dir='ltr'>sn·</span> 
     </span>
     <span class='ocr_line' id='line_1_27' title="bbox 207 2768 1493 2846; baseline 0.001 -19"><span class='ocrx_word' id='word_1_265' title='bbox 207 2790 257 2846; x_wconf 90' lang='lat' dir='ltr'>per</span> <span class='ocrx_word' id='word_1_266' title='bbox 277 2787 434 2826; x_wconf 79' lang='lat' dir='ltr'>intimorum:</span> <span class='ocrx_word' id='word_1_267' title='bbox 457 2788 509 2843; x_wconf 90' lang='lat' dir='ltr'>ego</span> <span class='ocrx_word' id='word_1_268' title='bbox 533 2787 587 2826; x_wconf 74' lang='lat' dir='ltr'>ortu</span> <span class='ocrx_word' id='word_1_269' title='bbox 610 2769 666 2824; x_wconf 86' lang='lat' dir='ltr'>seio</span> <span class='ocrx_word' id='word_1_270' title='bbox 690 2768 828 2824; x_wconf 85' lang='lat' dir='ltr'>ureliorem</span> <span class='ocrx_word' id='word_1_271' title='bbox 851 2771 973 2832; x_wconf 77' lang='lat' dir='ltr'>airardum,</span> <span class='ocrx_word' id='word_1_272' title='bbox 1002 2771 1053 2825; x_wconf 89' lang='lat' dir='ltr'>nisi</span> <span class='ocrx_word' id='word_1_273' title='bbox 1077 2771 1148 2845; x_wconf 75' lang='lat' dir='ltr'>(prod</span> <span class='ocrx_word' id='word_1_274' title='bbox 1172 2772 1358 2845; x_wconf 88' lang='lat' dir='ltr'>permittamus</span> <span class='ocrx_word' id='word_1_275' title='bbox 1378 2789 1427 2827; x_wconf 89' lang='lat' dir='ltr'>cas</span> <span class='ocrx_word' id='word_1_276' title='bbox 1452 2773 1493 2828; x_wconf 90' lang='lat' dir='ltr'>sie</span> 
     </span>
     <span class='ocr_line' id='line_1_28' title="bbox 206 2853 1493 2929; baseline 0.002 -19"><span class='ocrx_word' id='word_1_277' title='bbox 206 2855 360 2912; x_wconf 90' lang='lat' dir='ltr'>stultisare:</span> <span class='ocrx_word' id='word_1_278' title='bbox 388 2865 417 2911; x_wconf 91' lang='lat' dir='ltr'>ct</span> <span class='ocrx_word' id='word_1_279' title='bbox 444 2853 488 2910; x_wconf 89' lang='lat' dir='ltr'>ille</span> <span class='ocrx_word' id='word_1_280' title='bbox 511 2864 553 2910; x_wconf 91' lang='lat' dir='ltr'>est</span> <span class='ocrx_word' id='word_1_281' title='bbox 576 2854 694 2927; x_wconf 79' lang='lat' dir='ltr'>‹qituuus</span> <span class='ocrx_word' id='word_1_282' title='bbox 717 2854 827 2908; x_wconf 89' lang='lat' dir='ltr'>modus:</span> <span class='ocrx_word' id='word_1_283' title='bbox 858 2871 917 2909; x_wconf 89' lang='lat' dir='ltr'>nam</span> <span class='ocrx_word' id='word_1_284' title='bbox 941 2856 963 2909; x_wconf 92' lang='lat' dir='ltr'>si</span> <span class='ocrx_word' id='word_1_285' title='bbox 985 2857 1151 2917; x_wconf 81' lang='lat' dir='ltr'>resistiours,</span> <span class='ocrx_word' id='word_1_286' title='bbox 1181 2864 1244 2911; x_wconf 88' lang='lat' dir='ltr'>tuuc</span> <span class='ocrx_word' id='word_1_287' title='bbox 1273 2856 1322 2929; x_wconf 86' lang='lat' dir='ltr'>ipsi</span> <span class='ocrx_word' id='word_1_288' title='bbox 1352 2855 1419 2912; x_wconf 93' lang='lat' dir='ltr'>nihil</span> <span class='ocrx_word' id='word_1_289' title='bbox 1444 2875 1493 2912; x_wconf 92' lang='lat' dir='ltr'>cu·</span> 
     </span>
     <span class='ocr_line' id='line_1_29' title="bbox 208 2939 1492 3013; baseline 0 -17"><span class='ocrx_word' id='word_1_290' title='bbox 208 2950 268 2996; x_wconf 84' lang='lat' dir='ltr'>aaut</span> <span class='ocrx_word' id='word_1_291' title='bbox 290 2948 399 2995; x_wconf 89' lang='lat' dir='ltr'>nostras</span> <span class='ocrx_word' id='word_1_292' title='bbox 423 2939 605 3013; x_wconf 87' lang='lat' dir='ltr'>phrascarias.</span> <span class='ocrx_word' id='word_1_293' title='bbox 635 2948 661 2994; x_wconf 93' lang='lat' dir='ltr'>et</span> <span class='ocrx_word' id='word_1_294' title='bbox 683 2956 882 2995; x_wconf 85' lang='lat' dir='ltr'>eornumrenms</span> <span class='ocrx_word' id='word_1_295' title='bbox 910 2939 1033 3013; x_wconf 80' lang='lat' dir='ltr'>plubem.</span> <span class='ocrx_word' id='word_1_296' title='bbox 1078 2940 1123 2995; x_wconf 89' lang='lat' dir='ltr'>sed</span> <span class='ocrx_word' id='word_1_297' title='bbox 1153 2948 1239 2995; x_wconf 81' lang='lat' dir='ltr'>taioren</span> <span class='ocrx_word' id='word_1_298' title='bbox 1269 2942 1290 2994; x_wconf 91' lang='lat' dir='ltr'>si</span> <span class='ocrx_word' id='word_1_299' title='bbox 1319 2941 1404 2996; x_wconf 88' lang='lat' dir='ltr'>adhue</span> <span class='ocrx_word' id='word_1_300' title='bbox 1426 2959 1492 2996; x_wconf 88' lang='lat' dir='ltr'>eeu·</span> 
     </span>
     <span class='ocr_line' id='line_1_30' title="bbox 208 3024 1527 3097; baseline -0.005 -16"><span class='ocrx_word' id='word_1_301' title='bbox 208 3035 263 3081; x_wconf 94' lang='lat' dir='ltr'>tum</span> <span class='ocrx_word' id='word_1_302' title='bbox 286 3025 373 3080; x_wconf 89' lang='lat' dir='ltr'>modis</span> <span class='ocrx_word' id='word_1_303' title='bbox 395 3025 433 3081; x_wconf 90' lang='lat' dir='ltr'>sic</span> <span class='ocrx_word' id='word_1_304' title='bbox 456 3025 619 3084; x_wconf 87' lang='lat' dir='ltr'>scriberent.</span> <span class='ocrx_word' id='word_1_305' title='bbox 650 3041 701 3096; x_wconf 85' lang='lat' dir='ltr'>ego</span> <span class='ocrx_word' id='word_1_306' title='bbox 725 3032 813 3079; x_wconf 79' lang='lat' dir='ltr'>taimen</span> <span class='ocrx_word' id='word_1_307' title='bbox 837 3041 890 3079; x_wconf 92' lang='lat' dir='ltr'>nou</span> <span class='ocrx_word' id='word_1_308' title='bbox 914 3024 974 3079; x_wconf 89' lang='lat' dir='ltr'>rolo</span> <span class='ocrx_word' id='word_1_309' title='bbox 997 3026 1100 3080; x_wconf 82' lang='lat' dir='ltr'>aliseere</span> <span class='ocrx_word' id='word_1_310' title='bbox 1123 3042 1239 3097; x_wconf 75' lang='lat' dir='ltr'>graecum</span> <span class='ocrx_word' id='word_1_311' title='bbox 1263 3034 1290 3079; x_wconf 91' lang='lat' dir='ltr'>et</span> <span class='ocrx_word' id='word_1_312' title='bbox 1313 3025 1527 3087; x_wconf 84' lang='lat' dir='ltr'>hebraicum;ao</span> 
     </span>
     <span class='ocr_line' id='line_1_31' title="bbox 206 3107 1492 3185; baseline 0 -19"><span class='ocrx_word' id='word_1_313' title='bbox 206 3129 258 3185; x_wconf 90' lang='lat' dir='ltr'>ego</span> <span class='ocrx_word' id='word_1_314' title='bbox 281 3111 322 3165; x_wconf 85' lang='lat' dir='ltr'>vir</span> <span class='ocrx_word' id='word_1_315' title='bbox 344 3110 401 3182; x_wconf 85' lang='lat' dir='ltr'>scia</span> <span class='ocrx_word' id='word_1_316' title='bbox 423 3108 513 3181; x_wconf 88' lang='lat' dir='ltr'>legere</span> <span class='ocrx_word' id='word_1_317' title='bbox 535 3107 708 3169; x_wconf 87' lang='lat' dir='ltr'>Psalterium.</span> <span class='ocrx_word' id='word_1_318' title='bbox 732 3117 759 3164; x_wconf 90' lang='lat' dir='ltr'>et</span> <span class='ocrx_word' id='word_1_319' title='bbox 780 3108 905 3164; x_wconf 88' lang='lat' dir='ltr'>deberem</span> <span class='ocrx_word' id='word_1_320' title='bbox 927 3109 1030 3165; x_wconf 90' lang='lat' dir='ltr'>discere</span> <span class='ocrx_word' id='word_1_321' title='bbox 1053 3109 1113 3165; x_wconf 92' lang='lat' dir='ltr'>illas</span> <span class='ocrx_word' id='word_1_322' title='bbox 1136 3109 1304 3183; x_wconf 84' lang='lat' dir='ltr'>phantasias!</span> <span class='ocrx_word' id='word_1_323' title='bbox 1334 3118 1376 3164; x_wconf 91' lang='lat' dir='ltr'>est</span> <span class='ocrx_word' id='word_1_324' title='bbox 1399 3112 1492 3183; x_wconf 92' lang='lat' dir='ltr'>perdi·</span> 
     </span>
     <span class='ocr_line' id='line_1_32' title="bbox 207 3193 1491 3269; baseline 0 -18"><span class='ocrx_word' id='word_1_325' title='bbox 207 3197 245 3251; x_wconf 89' lang='lat' dir='ltr'>tio</span> <span class='ocrx_word' id='word_1_326' title='bbox 268 3194 408 3269; x_wconf 88' lang='lat' dir='ltr'>temporis.</span> <span class='ocrx_word' id='word_1_327' title='bbox 452 3195 497 3249; x_wconf 87' lang='lat' dir='ltr'>sed</span> <span class='ocrx_word' id='word_1_328' title='bbox 521 3203 608 3249; x_wconf 81' lang='lat' dir='ltr'>tainieu</span> <span class='ocrx_word' id='word_1_329' title='bbox 631 3202 744 3268; x_wconf 92' lang='lat' dir='ltr'>propter</span> <span class='ocrx_word' id='word_1_330' title='bbox 765 3211 856 3266; x_wconf 89' lang='lat' dir='ltr'>pacem</span> <span class='ocrx_word' id='word_1_331' title='bbox 878 3194 983 3249; x_wconf 86' lang='lat' dir='ltr'>videtur</span> <span class='ocrx_word' id='word_1_332' title='bbox 1004 3193 1067 3249; x_wconf 92' lang='lat' dir='ltr'>mihi</span> <span class='ocrx_word' id='word_1_333' title='bbox 1085 3195 1196 3255; x_wconf 85' lang='lat' dir='ltr'>hortum.</span> <span class='ocrx_word' id='word_1_334' title='bbox 1220 3195 1289 3249; x_wconf 88' lang='lat' dir='ltr'>sicut</span> <span class='ocrx_word' id='word_1_335' title='bbox 1304 3194 1371 3256; x_wconf 84' lang='lat' dir='ltr'>dixi,</span> <span class='ocrx_word' id='word_1_336' title='bbox 1396 3204 1427 3250; x_wconf 92' lang='lat' dir='ltr'>ut</span> <span class='ocrx_word' id='word_1_337' title='bbox 1450 3196 1491 3251; x_wconf 93' lang='lat' dir='ltr'>di·</span> 
     </span>
     <span class='ocr_line' id='line_1_33' title="bbox 206 3278 1492 3341; baseline 0 -5"><span class='ocrx_word' id='word_1_338' title='bbox 206 3282 344 3336; x_wconf 89' lang='lat' dir='ltr'>mittamus</span> <span class='ocrx_word' id='word_1_339' title='bbox 371 3297 432 3341; x_wconf 88' lang='lat' dir='ltr'>eos.</span> <span class='ocrx_word' id='word_1_340' title='bbox 463 3279 528 3336; x_wconf 89' lang='lat' dir='ltr'>alias</span> <span class='ocrx_word' id='word_1_341' title='bbox 557 3278 677 3334; x_wconf 90' lang='lat' dir='ltr'>scribent</span> <span class='ocrx_word' id='word_1_342' title='bbox 699 3288 793 3334; x_wconf 83' lang='lat' dir='ltr'>curura</span> <span class='ocrx_word' id='word_1_343' title='bbox 817 3296 866 3334; x_wconf 84' lang='lat' dir='ltr'>taos</span> <span class='ocrx_word' id='word_1_344' title='bbox 888 3289 916 3335; x_wconf 92' lang='lat' dir='ltr'>et</span> <span class='ocrx_word' id='word_1_345' title='bbox 938 3279 1037 3335; x_wconf 88' lang='lat' dir='ltr'>lacieut</span> <span class='ocrx_word' id='word_1_346' title='bbox 1060 3297 1109 3334; x_wconf 84' lang='lat' dir='ltr'>tros</span> <span class='ocrx_word' id='word_1_347' title='bbox 1133 3279 1245 3335; x_wconf 85' lang='lat' dir='ltr'>inlautes</span> <span class='ocrx_word' id='word_1_348' title='bbox 1269 3279 1295 3334; x_wconf 95' lang='lat' dir='ltr'>in</span> <span class='ocrx_word' id='word_1_349' title='bbox 1318 3278 1415 3335; x_wconf 67' lang='lat' dir='ltr'>saecula</span> <span class='ocrx_word' id='word_1_350' title='bbox 1441 3299 1492 3336; x_wconf 77' lang='lat' dir='ltr'>sae·</span> 
     </span>
     <span class='ocr_line' id='line_1_34' title="bbox 207 3364 339 3423; baseline -0.03 0"><span class='ocrx_word' id='word_1_351' title='bbox 207 3364 339 3423; x_wconf 87' lang='lat' dir='ltr'>culorum.</span> 
     </span>
    </p>

    <p class='ocr_par' dir='ltr' id='par_1_6' title="bbox 150 3447 1531 3779">
     <span class='ocr_line' id='line_1_35' title="bbox 150 3447 1531 3522; baseline -0.001 -19"><span class='ocrx_word' id='word_1_352' title='bbox 150 3452 197 3503; x_wconf 84' lang='lat' dir='ltr'><strong>i··&#39;··</strong></span> <span class='ocrx_word' id='word_1_353' title='bbox 271 3450 511 3507; x_wconf 87' lang='lat' dir='ltr'>llochstratus.</span> <span class='ocrx_word' id='word_1_354' title='bbox 550 3448 602 3505; x_wconf 89' lang='lat' dir='ltr'>l&#39;os</span> <span class='ocrx_word' id='word_1_355' title='bbox 631 3447 697 3503; x_wconf 91' lang='lat' dir='ltr'>bene</span> <span class='ocrx_word' id='word_1_356' title='bbox 726 3449 833 3504; x_wconf 89' lang='lat' dir='ltr'>sentitis</span> <span class='ocrx_word' id='word_1_357' title='bbox 864 3448 888 3503; x_wconf 94' lang='lat' dir='ltr'>iu</span> <span class='ocrx_word' id='word_1_358' title='bbox 912 3459 1000 3522; x_wconf 82' lang='lat' dir='ltr'>parte,</span> <span class='ocrx_word' id='word_1_359' title='bbox 1028 3449 1154 3522; x_wconf 80' lang='lat' dir='ltr'>Magister</span> <span class='ocrx_word' id='word_1_360' title='bbox 1176 3459 1283 3510; x_wconf 89' lang='lat' dir='ltr'>noster,</span> <span class='ocrx_word' id='word_1_361' title='bbox 1312 3449 1357 3504; x_wconf 88' lang='lat' dir='ltr'>sed</span> <span class='ocrx_word' id='word_1_362' title='bbox 1381 3450 1531 3507; x_wconf 74' lang='lat' dir='ltr'>rideturss</span> 
     </span>
     <span class='ocr_line' id='line_1_36' title="bbox 207 3532 1493 3610; baseline 0 -18"><span class='ocrx_word' id='word_1_363' title='bbox 207 3536 285 3596; x_wconf 88' lang='lat' dir='ltr'>mihi.</span> <span class='ocrx_word' id='word_1_364' title='bbox 310 3536 379 3591; x_wconf 91' lang='lat' dir='ltr'>sicut</span> <span class='ocrx_word' id='word_1_365' title='bbox 402 3534 531 3591; x_wconf 80' lang='lat' dir='ltr'>vocamini</span> <span class='ocrx_word' id='word_1_366' title='bbox 555 3532 703 3607; x_wconf 86' lang='lat' dir='ltr'>lluplieius.</span> <span class='ocrx_word' id='word_1_367' title='bbox 727 3534 797 3606; x_wconf 75' lang='lat' dir='ltr'>ipaattd</span> <span class='ocrx_word' id='word_1_368' title='bbox 822 3533 882 3587; x_wconf 90' lang='lat' dir='ltr'>sitis</span> <span class='ocrx_word' id='word_1_369' title='bbox 904 3532 1000 3608; x_wconf 81' lang='lat' dir='ltr'>duplex</span> <span class='ocrx_word' id='word_1_370' title='bbox 1017 3534 1119 3594; x_wconf 86' lang='lat' dir='ltr'>animo.</span> <span class='ocrx_word' id='word_1_371' title='bbox 1144 3535 1205 3607; x_wconf 80' lang='lat' dir='ltr'>spada</span> <span class='ocrx_word' id='word_1_372' title='bbox 1221 3535 1363 3591; x_wconf 91' lang='lat' dir='ltr'>declinatis</span> <span class='ocrx_word' id='word_1_373' title='bbox 1379 3535 1411 3590; x_wconf 88' lang='lat' dir='ltr'>od</span> <span class='ocrx_word' id='word_1_374' title='bbox 1429 3554 1493 3610; x_wconf 92' lang='lat' dir='ltr'>par·</span> 
     </span>
     <span class='ocr_line' id='line_1_37' title="bbox 208 3616 1494 3694; baseline 0.001 -18"><span class='ocrx_word' id='word_1_375' title='bbox 208 3630 260 3677; x_wconf 89' lang='lat' dir='ltr'>tem</span> <span class='ocrx_word' id='word_1_376' title='bbox 284 3621 433 3681; x_wconf 75' lang='lat' dir='ltr'>nilversam.</span> <span class='ocrx_word' id='word_1_377' title='bbox 462 3629 489 3674; x_wconf 92' lang='lat' dir='ltr'>et</span> <span class='ocrx_word' id='word_1_378' title='bbox 512 3620 571 3674; x_wconf 90' lang='lat' dir='ltr'>ideo</span> <span class='ocrx_word' id='word_1_379' title='bbox 594 3618 659 3673; x_wconf 88' lang='lat' dir='ltr'>estis</span> <span class='ocrx_word' id='word_1_380' title='bbox 682 3617 744 3672; x_wconf 89' lang='lat' dir='ltr'>raihi</span> <span class='ocrx_word' id='word_1_381' title='bbox 769 3616 842 3672; x_wconf 80' lang='lat' dir='ltr'>valde</span> <span class='ocrx_word' id='word_1_382' title='bbox 865 3627 1020 3692; x_wconf 88' lang='lat' dir='ltr'>suspectus:</span> <span class='ocrx_word' id='word_1_383' title='bbox 1050 3618 1103 3674; x_wconf 89' lang='lat' dir='ltr'>l&#39;as</span> <span class='ocrx_word' id='word_1_384' title='bbox 1126 3619 1219 3680; x_wconf 83' lang='lat' dir='ltr'>sultis.</span> <span class='ocrx_word' id='word_1_385' title='bbox 1249 3621 1320 3694; x_wconf 82' lang='lat' dir='ltr'>qaiod</span> <span class='ocrx_word' id='word_1_386' title='bbox 1343 3620 1494 3677; x_wconf 90' lang='lat' dir='ltr'>debeamus</span> 
     </span>
     <span class='ocr_line' id='line_1_38' title="bbox 207 3702 1493 3779; baseline 0.001 -20"><span class='ocrx_word' id='word_1_387' title='bbox 207 3723 255 3761; x_wconf 88' lang='lat' dir='ltr'>eos</span> <span class='ocrx_word' id='word_1_388' title='bbox 276 3706 424 3761; x_wconf 92' lang='lat' dir='ltr'>dimittere:</span> <span class='ocrx_word' id='word_1_389' title='bbox 449 3702 568 3777; x_wconf 83' lang='lat' dir='ltr'>ntrttquid</span> <span class='ocrx_word' id='word_1_390' title='bbox 591 3702 643 3757; x_wconf 84' lang='lat' dir='ltr'>dixi</span> <span class='ocrx_word' id='word_1_391' title='bbox 667 3703 755 3776; x_wconf 83' lang='lat' dir='ltr'>prins.</span> <span class='ocrx_word' id='word_1_392' title='bbox 785 3702 807 3756; x_wconf 94' lang='lat' dir='ltr'>si</span> <span class='ocrx_word' id='word_1_393' title='bbox 830 3703 989 3759; x_wconf 86' lang='lat' dir='ltr'>diunttinms</span> <span class='ocrx_word' id='word_1_394' title='bbox 1011 3722 1059 3759; x_wconf 92' lang='lat' dir='ltr'>eos</span> <span class='ocrx_word' id='word_1_395' title='bbox 1082 3705 1134 3766; x_wconf 85' lang='lat' dir='ltr'>sir,</span> <span class='ocrx_word' id='word_1_396' title='bbox 1167 3713 1252 3760; x_wconf 84' lang='lat' dir='ltr'>tottam</span> <span class='ocrx_word' id='word_1_397' title='bbox 1276 3706 1403 3761; x_wconf 83' lang='lat' dir='ltr'>natandum</span> <span class='ocrx_word' id='word_1_398' title='bbox 1429 3724 1493 3779; x_wconf 89' lang='lat' dir='ltr'>per-</span> 
     </span>
    </p>
   </div>
   <div class='ocr_carea' id='block_1_4' title="bbox 202 3867 1497 4782">
    <p class='ocr_par' dir='ltr' id='par_1_7' title="bbox 202 3867 1497 4528">
     <span class='ocr_line' id='line_1_39' title="bbox 206 3867 1493 3933; baseline -0.001 -13"><span class='ocrx_word' id='word_1_399' title='bbox 206 3876 264 3921; x_wconf 87' lang='lat' dir='ltr'>cult.</span> <span class='ocrx_word' id='word_1_400' title='bbox 283 3871 360 3921; x_wconf 80' lang='lat' dir='ltr'>Theoi</span> <span class='ocrx_word' id='word_1_401' title='bbox 373 3872 476 3921; x_wconf 87' lang='lat' dir='ltr'>Colon.’&#39;</span> <span class='ocrx_word' id='word_1_402' title='bbox 513 3867 634 3933; x_wconf 85' lang='lat' dir='ltr'>Capituli</span> <span class='ocrx_word' id='word_1_403' title='bbox 653 3867 829 3932; x_wconf 87' lang='lat' dir='ltr'>provincialis</span> <span class='ocrx_word' id='word_1_404' title='bbox 848 3884 945 3933; x_wconf 85' lang='lat' dir='ltr'>preces</span> <span class='ocrx_word' id='word_1_405' title='bbox 958 3870 1045 3919; x_wconf 87' lang='lat' dir='ltr'>Leoni</span> <span class='ocrx_word' id='word_1_406' title='bbox 1058 3871 1091 3919; x_wconf 88' lang='lat' dir='ltr'>X.</span> <span class='ocrx_word' id='word_1_407' title='bbox 1106 3887 1130 3919; x_wconf 88' lang='lat' dir='ltr'>a.</span> <span class='ocrx_word' id='word_1_408' title='bbox 1147 3870 1217 3919; x_wconf 74' lang='lat' dir='ltr'>taut.</span> <span class='ocrx_word' id='word_1_409' title='bbox 1232 3871 1345 3931; x_wconf 74' lang='lat' dir='ltr'>oblatae,</span> <span class='ocrx_word' id='word_1_410' title='bbox 1365 3876 1395 3918; x_wconf 88' lang='lat' dir='ltr'>ut</span> <span class='ocrx_word' id='word_1_411' title='bbox 1412 3870 1493 3920; x_wconf 88' lang='lat' dir='ltr'>litem</span> 
     </span>
     <span class='ocr_line' id='line_1_40' title="bbox 206 3952 1488 4019; baseline -0.001 -14"><span class='ocrx_word' id='word_1_412' title='bbox 206 3956 413 4005; x_wconf 80' lang='lat' dir='ltr'>lieuehliniearu</span> <span class='ocrx_word' id='word_1_413' title='bbox 434 3955 538 4004; x_wconf 87' lang='lat' dir='ltr'>imlieto</span> <span class='ocrx_word' id='word_1_414' title='bbox 556 3953 664 4017; x_wconf 88' lang='lat' dir='ltr'>utrique</span> <span class='ocrx_word' id='word_1_415' title='bbox 683 3953 755 4018; x_wconf 90' lang='lat' dir='ltr'>parti</span> <span class='ocrx_word' id='word_1_416' title='bbox 774 3952 885 4002; x_wconf 86' lang='lat' dir='ltr'>silentio</span> <span class='ocrx_word' id='word_1_417' title='bbox 904 3955 1020 4019; x_wconf 85' lang='lat' dir='ltr'>sopiret,</span> <span class='ocrx_word' id='word_1_418' title='bbox 1041 3955 1195 4019; x_wconf 85' lang='lat' dir='ltr'>publicarit</span> <span class='ocrx_word' id='word_1_419' title='bbox 1208 3956 1386 4004; x_wconf 79' lang='lat' dir='ltr'>Friedlumder</span> <span class='ocrx_word' id='word_1_420' title='bbox 1400 3954 1488 4005; x_wconf 76' lang='lat' dir='ltr'>Beier.</span> 
     </span>
     <span class='ocr_line' id='line_1_41' title="bbox 202 4035 1493 4107; baseline 0.001 -18"><span class='ocrx_word' id='word_1_421' title='bbox 202 4056 248 4089; x_wconf 86' lang='lat' dir='ltr'>:ur</span> <span class='ocrx_word' id='word_1_422' title='bbox 261 4041 423 4102; x_wconf 83' lang='lat' dir='ltr'>lles.·(1&#39;caed.</span> <span class='ocrx_word' id='word_1_423' title='bbox 443 4040 533 4089; x_wconf 82' lang='lat' dir='ltr'>Berlin</span> <span class='ocrx_word' id='word_1_424' title='bbox 555 4036 625 4086; x_wconf 77' lang='lat'><strong>1837.</strong></span> <span class='ocrx_word' id='word_1_425' title='bbox 639 4036 674 4086; x_wconf 73' lang='lat'>8⁰.</span> <span class='ocrx_word' id='word_1_426' title='bbox 694 4055 720 4101; x_wconf 89' lang='lat' dir='ltr'>p.</span> <span class='ocrx_word' id='word_1_427' title='bbox 738 4035 791 4086; x_wconf 86' lang='grc'>113.</span> <span class='ocrx_word' id='word_1_428' title='bbox 806 4052 864 4102; x_wconf 88' lang='lat' dir='ltr'>sqq.</span> <span class='ocrx_word' id='word_1_429' title='bbox 891 4040 1001 4088; x_wconf 86' lang='lat' dir='ltr'>easdem</span> <span class='ocrx_word' id='word_1_430' title='bbox 1021 4039 1210 4089; x_wconf 80' lang='lat' dir='ltr'>exhibebimus</span> <span class='ocrx_word' id='word_1_431' title='bbox 1230 4041 1256 4087; x_wconf 92' lang='lat' dir='ltr'>in</span> <span class='ocrx_word' id='word_1_432' title='bbox 1276 4039 1400 4103; x_wconf 85' lang='lat' dir='ltr'>oxeniplo</span> <span class='ocrx_word' id='word_1_433' title='bbox 1419 4040 1493 4107; x_wconf 83' lang='lat' dir='ltr'>Epp.</span> 
     </span>
     <span class='ocr_line' id='line_1_42' title="bbox 206 4121 1494 4190; baseline 0 -16"><span class='ocrx_word' id='word_1_434' title='bbox 206 4125 240 4174; x_wconf 92' lang='grc' dir='ltr'>Ο.</span> <span class='ocrx_word' id='word_1_435' title='bbox 253 4125 285 4174; x_wconf 90' lang='lat' dir='ltr'>V.</span> <span class='ocrx_word' id='word_1_436' title='bbox 322 4126 361 4174; x_wconf 87' lang='lat' dir='ltr'>De</span> <span class='ocrx_word' id='word_1_437' title='bbox 379 4133 491 4190; x_wconf 82' lang='lat' dir='ltr'>ternpore</span> <span class='ocrx_word' id='word_1_438' title='bbox 510 4139 557 4190; x_wconf 87' lang='lat' dir='ltr'>quo</span> <span class='ocrx_word' id='word_1_439' title='bbox 575 4121 778 4182; x_wconf 82' lang='lat' dir='ltr'>„Hoehstrotus</span> <span class='ocrx_word' id='word_1_440' title='bbox 797 4138 848 4171; x_wconf 86' lang='lat' dir='ltr'>uec</span> <span class='ocrx_word' id='word_1_441' title='bbox 867 4124 940 4188; x_wconf 89' lang='lat' dir='ltr'>prior</span> <span class='ocrx_word' id='word_1_442' title='bbox 958 4128 1018 4172; x_wconf 86' lang='lat' dir='ltr'>erat</span> <span class='ocrx_word' id='word_1_443' title='bbox 1036 4139 1087 4173; x_wconf 91' lang='lat' dir='ltr'>uec</span> <span class='ocrx_word' id='word_1_444' title='bbox 1106 4124 1263 4188; x_wconf 87' lang='lat' dir='ltr'>inquisitor,</span> <span class='ocrx_word' id='word_1_445' title='bbox 1283 4140 1334 4173; x_wconf 89' lang='lat' dir='ltr'>nee</span> <span class='ocrx_word' id='word_1_446' title='bbox 1353 4122 1416 4172; x_wconf 89' lang='lat' dir='ltr'>ullis</span> <span class='ocrx_word' id='word_1_447' title='bbox 1431 4124 1494 4174; x_wconf 91' lang='lat' dir='ltr'>bul-</span> 
     </span>
     <span class='ocr_line' id='line_1_43' title="bbox 207 4206 1497 4274; baseline 0.001 -15"><span class='ocrx_word' id='word_1_448' title='bbox 207 4209 243 4259; x_wconf 85' lang='lat' dir='ltr'>lis</span> <span class='ocrx_word' id='word_1_449' title='bbox 268 4216 316 4259; x_wconf 88' lang='lat' dir='ltr'>aut</span> <span class='ocrx_word' id='word_1_450' title='bbox 339 4209 498 4274; x_wconf 79' lang='lat' dir='ltr'>diplomatis</span> <span class='ocrx_word' id='word_1_451' title='bbox 522 4209 688 4256; x_wconf 78' lang='lat' dir='ltr'>instruetus&#39;&#39;</span> <span class='ocrx_word' id='word_1_452' title='bbox 713 4211 822 4272; x_wconf 84' lang='lat' dir='ltr'>loquitur·</span> <span class='ocrx_word' id='word_1_453' title='bbox 845 4210 919 4256; x_wconf 83' lang='lat' dir='ltr'>etium</span> <span class='ocrx_word' id='word_1_454' title='bbox 938 4208 1059 4257; x_wconf 79' lang='lat' dir='ltr'>Erasmus</span> <span class='ocrx_word' id='word_1_455' title='bbox 1082 4212 1107 4257; x_wconf 83' lang='lat' dir='ltr'>io</span> <span class='ocrx_word' id='word_1_456' title='bbox 1125 4210 1221 4272; x_wconf 80' lang='lat' dir='ltr'>Spoug.</span> <span class='ocrx_word' id='word_1_457' title='bbox 1235 4211 1258 4268; x_wconf 68' lang='lat'>§-</span> <span class='ocrx_word' id='word_1_458' title='bbox 1272 4206 1330 4257; x_wconf 65' lang='lat'>303.</span> <span class='ocrx_word' id='word_1_459' title='bbox 1355 4208 1414 4256; x_wconf 79' lang='lat' dir='ltr'>Fuit</span> <span class='ocrx_word' id='word_1_460' title='bbox 1438 4226 1497 4260; x_wconf 80' lang='lat' dir='ltr'>eiam</span> 
     </span>
     <span class='ocr_line' id='line_1_44' title="bbox 206 4291 1497 4357; baseline 0.001 -13"><span class='ocrx_word' id='word_1_461' title='bbox 206 4295 334 4344; x_wconf 81' lang='lat' dir='ltr'>IIutteuus</span> <span class='ocrx_word' id='word_1_462' title='bbox 347 4294 480 4344; x_wconf 72' lang='lat' dir='ltr'>llrueclla·</span> <span class='ocrx_word' id='word_1_463' title='bbox 492 4298 559 4343; x_wconf 83' lang='lat' dir='ltr'>essct</span> <span class='ocrx_word' id='word_1_464' title='bbox 571 4293 721 4357; x_wconf 83' lang='lat' dir='ltr'>rediensque</span> <span class='ocrx_word' id='word_1_465' title='bbox 733 4294 758 4341; x_wconf 86' lang='lat' dir='ltr'>in</span> <span class='ocrx_word' id='word_1_466' title='bbox 773 4292 951 4342; x_wconf 83' lang='lat' dir='ltr'>Iloedstrutrnu</span> <span class='ocrx_word' id='word_1_467' title='bbox 963 4295 1095 4343; x_wconf 81' lang='lat' dir='ltr'>iaeirlcrct.</span> <span class='ocrx_word' id='word_1_468' title='bbox 1109 4294 1143 4355; x_wconf 82' lang='lat' dir='ltr'>es.</span> <span class='ocrx_word' id='word_1_469' title='bbox 1156 4299 1203 4342; x_wconf 70' lang='lat' dir='ltr'>aiot.</span> <span class='ocrx_word' id='word_1_470' title='bbox 1219 4294 1239 4342; x_wconf 93' lang='lat' dir='ltr'>l.</span> <span class='ocrx_word' id='word_1_471' title='bbox 1252 4311 1279 4357; x_wconf 89' lang='lat' dir='ltr'>p.</span> <span class='ocrx_word' id='word_1_472' title='bbox 1292 4292 1350 4342; x_wconf 77' lang='lat' dir='ltr'>ott.</span> <span class='ocrx_word' id='word_1_473' title='bbox 1388 4291 1408 4324; x_wconf 79' lang='lat'>¹²</span> <span class='ocrx_word' id='word_1_474' title='bbox 1423 4309 1497 4345; x_wconf 64' lang='lat' dir='ltr'>utm-</span> 
     </span>
     <span class='ocr_line' id='line_1_45' title="bbox 205 4376 1497 4443; baseline 0.002 -15"><span class='ocrx_word' id='word_1_475' title='bbox 205 4382 386 4428; x_wconf 72' lang='lat' dir='ltr'>crassantis.</span> <span class='ocrx_word' id='word_1_476' title='bbox 401 4383 425 4428; x_wconf 83' lang='lat'>2.</span> <span class='ocrx_word' id='word_1_477' title='bbox 485 4376 505 4409; x_wconf 87' lang='lat'>¹³</span> <span class='ocrx_word' id='word_1_478' title='bbox 524 4376 653 4425; x_wconf 87' lang='lat' dir='ltr'>llecanus</span> <span class='ocrx_word' id='word_1_479' title='bbox 672 4376 794 4425; x_wconf 89' lang='lat' dir='ltr'>ordinem</span> <span class='ocrx_word' id='word_1_480' title='bbox 814 4376 977 4441; x_wconf 87' lang='lat' dir='ltr'>adloquitur.</span> <span class='ocrx_word' id='word_1_481' title='bbox 1037 4378 1057 4409; x_wconf 81' lang='lat'>¹⁴</span> <span class='ocrx_word' id='word_1_482' title='bbox 1076 4378 1155 4429; x_wconf 84' lang='lat' dir='ltr'>Paul.</span> <span class='ocrx_word' id='word_1_483' title='bbox 1171 4395 1212 4443; x_wconf 92' lang='lat' dir='ltr'>ep.</span> <span class='ocrx_word' id='word_1_484' title='bbox 1225 4378 1247 4426; x_wconf 90' lang='lat'>1.</span> <span class='ocrx_word' id='word_1_485' title='bbox 1263 4378 1296 4427; x_wconf 87' lang='lat' dir='ltr'>od</span> <span class='ocrx_word' id='word_1_486' title='bbox 1309 4378 1370 4427; x_wconf 80' lang='lat' dir='ltr'>Cor.</span> <span class='ocrx_word' id='word_1_487' title='bbox 1384 4380 1435 4429; x_wconf 86' lang='lat' dir='ltr'>xl.</span> <span class='ocrx_word' id='word_1_488' title='bbox 1454 4380 1497 4431; x_wconf 73' lang='lat' dir='ltr'>ill.</span> 
     </span>
     <span class='ocr_line' id='line_1_46' title="bbox 207 4459 781 4528; baseline -0.005 -15"><span class='ocrx_word' id='word_1_489' title='bbox 207 4462 228 4496; x_wconf 73' lang='lat'>¹⁵</span> <span class='ocrx_word' id='word_1_490' title='bbox 245 4460 373 4528; x_wconf 87' lang='lat' dir='ltr'>lacobus]</span> <span class='ocrx_word' id='word_1_491' title='bbox 394 4463 484 4512; x_wconf 82' lang='lat' dir='ltr'>l.1.2.</span> <span class='ocrx_word' id='word_1_492' title='bbox 501 4461 573 4511; x_wconf 78' lang='grc'><strong>1557.</strong></span> <span class='ocrx_word' id='word_1_493' title='bbox 598 4461 693 4513; x_wconf 86' lang='lat' dir='ltr'>loauu.</span> <span class='ocrx_word' id='word_1_494' title='bbox 710 4459 781 4510; x_wconf 78' lang='lat' dir='ltr'>lota.</span> 
     </span>
    </p>

    <p class='ocr_par' dir='ltr' id='par_1_8' title="bbox 205 4544 1497 4782">
     <span class='ocr_line' id='line_1_47' title="bbox 272 4544 1497 4613; baseline 0.002 -16"><span class='ocrx_word' id='word_1_495' title='bbox 272 4547 283 4579; x_wconf 83' lang='lat'><strong>⁴</strong></span> <span class='ocrx_word' id='word_1_496' title='bbox 301 4547 425 4597; x_wconf 76' lang='lat' dir='ltr'>Lutheri.</span> <span class='ocrx_word' id='word_1_497' title='bbox 480 4545 501 4578; x_wconf 86' lang='lat'>¹²</span> <span class='ocrx_word' id='word_1_498' title='bbox 518 4545 631 4611; x_wconf 80' lang='lat' dir='ltr'>Dialogi</span> <span class='ocrx_word' id='word_1_499' title='bbox 651 4546 767 4594; x_wconf 88' lang='lat' dir='ltr'>initium.</span> <span class='ocrx_word' id='word_1_500' title='bbox 822 4544 842 4577; x_wconf 80' lang='lat'>¹⁵</span> <span class='ocrx_word' id='word_1_501' title='bbox 860 4546 922 4595; x_wconf 88' lang='lat' dir='ltr'>rad.</span> <span class='ocrx_word' id='word_1_502' title='bbox 936 4552 997 4611; x_wconf 87' lang='lat' dir='ltr'>post</span> <span class='ocrx_word' id='word_1_503' title='bbox 1016 4546 1072 4612; x_wconf 86' lang='lat' dir='ltr'>eos]</span> <span class='ocrx_word' id='word_1_504' title='bbox 1092 4554 1223 4613; x_wconf 87' lang='lat' dir='ltr'>sequetur</span> <span class='ocrx_word' id='word_1_505' title='bbox 1242 4564 1296 4608; x_wconf 78' lang='lat' dir='ltr'>eae,</span> <span class='ocrx_word' id='word_1_506' title='bbox 1317 4546 1497 4600; x_wconf 82' lang='lat' dir='ltr'>obsecunda-</span> 
     </span>
     <span class='ocr_line' id='line_1_48' title="bbox 206 4628 1497 4698; baseline 0.003 -16"><span class='ocrx_word' id='word_1_507' title='bbox 206 4633 309 4683; x_wconf 82' lang='lat' dir='ltr'>bitcis.</span> <span class='ocrx_word' id='word_1_508' title='bbox 329 4633 365 4682; x_wconf 86' lang='lat' dir='ltr'>ef.</span> <span class='ocrx_word' id='word_1_509' title='bbox 381 4650 403 4682; x_wconf 90' lang='lat' dir='ltr'>e.</span> <span class='ocrx_word' id='word_1_510' title='bbox 418 4649 457 4698; x_wconf 85' lang='lat' dir='ltr'>gr.</span> <span class='ocrx_word' id='word_1_511' title='bbox 471 4631 578 4681; x_wconf 84' lang='lat' dir='ltr'>Eccles.</span> <span class='ocrx_word' id='word_1_512' title='bbox 593 4630 681 4680; x_wconf 81' lang='lat' dir='ltr'>xtttt.</span> <span class='ocrx_word' id='word_1_513' title='bbox 695 4629 736 4678; x_wconf 75' lang='grc'>23.</span> <span class='ocrx_word' id='word_1_514' title='bbox 800 4628 822 4661; x_wconf 85' lang='lat'>²²</span> <span class='ocrx_word' id='word_1_515' title='bbox 840 4628 896 4696; x_wconf 80' lang='lat' dir='ltr'>aa]</span> <span class='ocrx_word' id='word_1_516' title='bbox 911 4634 934 4679; x_wconf 78' lang='grc'>1.</span> <span class='ocrx_word' id='word_1_517' title='bbox 999 4631 1117 4698; x_wconf 70' lang='lat' dir='ltr'>sabinia]</span> <span class='ocrx_word' id='word_1_518' title='bbox 1137 4648 1236 4698; x_wconf 79' lang='lat' dir='ltr'>peritas</span> <span class='ocrx_word' id='word_1_519' title='bbox 1255 4633 1312 4684; x_wconf 84' lang='lat' dir='ltr'>sire</span> <span class='ocrx_word' id='word_1_520' title='bbox 1332 4637 1497 4695; x_wconf 78' lang='lat' dir='ltr'>petasones.</span> 
     </span>
     <span class='ocr_line' id='line_1_49' title="bbox 205 4715 610 4782; baseline -0.007 -14"><span class='ocrx_word' id='word_1_521' title='bbox 205 4717 226 4750; x_wconf 75' lang='lat'>²⁹</span> <span class='ocrx_word' id='word_1_522' title='bbox 245 4718 388 4768; x_wconf 77' lang='lat' dir='ltr'>irascarioe</span> <span class='ocrx_word' id='word_1_523' title='bbox 405 4720 431 4767; x_wconf 82' lang='lat' dir='ltr'>in</span> <span class='ocrx_word' id='word_1_524' title='bbox 449 4716 518 4782; x_wconf 79' lang='lat' dir='ltr'>Epp.</span> <span class='ocrx_word' id='word_1_525' title='bbox 533 4715 561 4765; x_wconf 90' lang='lat'>0.</span> <span class='ocrx_word' id='word_1_526' title='bbox 579 4717 610 4766; x_wconf 83' lang='lat' dir='ltr'>V.</span> 
     </span>
    </p>
   </div>
   <div class='ocr_carea' id='block_1_5' title="bbox 0 0 1697 5370">
    <p class='ocr_par' dir='ltr' id='par_1_9' title="bbox 0 0 1697 5370">
     <span class='ocr_line' id='line_1_50' title="bbox 0 0 1697 5370; baseline 0 0"><span class='ocrx_word' id='word_1_527' title='bbox 0 0 1697 5370; x_wconf 95' lang='lat' dir='ltr'> </span> 
     </span>
    </p>
   </div>
  </div>
 </body>
</html>
