<?xml version="1.0" encoding="UTF-8"?>
<!DOCTYPE html PUBLIC "-//W3C//DTD XHTML 1.0 Transitional//EN"
    "http://www.w3.org/TR/xhtml1/DTD/xhtml1-transitional.dtd">
<html xmlns="http://www.w3.org/1999/xhtml" xml:lang="en" lang="en">
 <head>
  <title>
</title>
<meta http-equiv="Content-Type" content="text/html;charset=utf-8" />
  <meta name='ocr-system' content='tesseract 3.04.00' />
  <meta name='ocr-capabilities' content='ocr_page ocr_carea ocr_par ocr_line ocrx_word'/>
</head>
<body>
  <div class='ocr_page' id='page_1' title='image "./ulrichihuttenie09huttgoog_0537.png"; bbox 0 0 3382 5370; ppageno 0'>
   <div class='ocr_carea' id='block_1_1' title="bbox 261 332 1102 402">
    <p class='ocr_par' dir='ltr' id='par_1_1' title="bbox 261 332 1102 402">
     <span class='ocr_line' id='line_1_1' title="bbox 261 332 1102 402; baseline -0.012 0"><span class='ocrx_word' id='word_1_1' title='bbox 261 332 332 402; x_wconf 69' lang='grc'>504</span> <span class='ocrx_word' id='word_1_2' title='bbox 697 359 813 395; x_wconf 70' lang='lat' dir='ltr'>munem</span> <span class='ocrx_word' id='word_1_3' title='bbox 834 359 1102 394; x_wconf 73' lang='lat' dir='ltr'>rsevoouvrrtrutct.</span> 
     </span>
    </p>
   </div>
   <div class='ocr_carea' id='block_1_2' title="bbox 191 515 1589 4315">
    <p class='ocr_par' dir='ltr' id='par_1_2' title="bbox 259 515 1567 1102">
     <span class='ocr_line' id='line_1_2' title="bbox 324 515 1548 591; baseline -0.004 -16"><span class='ocrx_word' id='word_1_4' title='bbox 324 519 452 576; x_wconf 90' lang='lat' dir='ltr'>llenuo.</span> <span class='ocrx_word' id='word_1_5' title='bbox 490 519 651 575; x_wconf 73' lang='lat' dir='ltr'>trabucos</span> <span class='ocrx_word' id='word_1_6' title='bbox 679 516 854 579; x_wconf 88' lang='lat' dir='ltr'>inunortalis‚</span> <span class='ocrx_word' id='word_1_7' title='bbox 889 517 971 591; x_wconf 88' lang='lat' dir='ltr'>perii,</span> <span class='ocrx_word' id='word_1_8' title='bbox 1006 516 1105 576; x_wconf 81' lang='lat' dir='ltr'>occidi,</span> <span class='ocrx_word' id='word_1_9' title='bbox 1140 535 1155 573; x_wconf 95' lang='lat' dir='ltr'>o</span> <span class='ocrx_word' id='word_1_10' title='bbox 1185 534 1225 571; x_wconf 87' lang='lat' dir='ltr'>ure</span> <span class='ocrx_word' id='word_1_11' title='bbox 1254 517 1393 572; x_wconf 83' lang='lat' dir='ltr'>iniseruur!</span> <span class='ocrx_word' id='word_1_12' title='bbox 1429 515 1548 571; x_wconf 89' lang='lat' dir='ltr'>oillurn</span> 
     </span>
     <span class='ocr_line' id='line_1_3' title="bbox 261 601 1547 679; baseline -0.003 -19"><span class='ocrx_word' id='word_1_13' title='bbox 261 605 471 679; x_wconf 79' lang='lat' dir='ltr'>perditissiuuuu</span> <span class='ocrx_word' id='word_1_14' title='bbox 496 604 615 664; x_wconf 87' lang='lat' dir='ltr'>battunr.</span> <span class='ocrx_word' id='word_1_15' title='bbox 644 605 689 677; x_wconf 81' lang='lat' dir='ltr'>qui</span> <span class='ocrx_word' id='word_1_16' title='bbox 715 611 755 658; x_wconf 88' lang='lat' dir='ltr'>tot</span> <span class='ocrx_word' id='word_1_17' title='bbox 779 620 819 658; x_wconf 84' lang='lat' dir='ltr'>ine</span> <span class='ocrx_word' id='word_1_18' title='bbox 843 602 893 657; x_wconf 85' lang='lat' dir='ltr'>ianr</span> <span class='ocrx_word' id='word_1_19' title='bbox 916 601 1113 657; x_wconf 65' lang='lat' dir='ltr'>calamitatibus</span> <span class='ocrx_word' id='word_1_20' title='bbox 1136 601 1247 673; x_wconf 82' lang='lat' dir='ltr'>allligit.</span> <span class='ocrx_word' id='word_1_21' title='bbox 1279 610 1320 656; x_wconf 89' lang='lat' dir='ltr'>tot</span> <span class='ocrx_word' id='word_1_22' title='bbox 1347 619 1387 657; x_wconf 84' lang='lat' dir='ltr'>ure</span> <span class='ocrx_word' id='word_1_23' title='bbox 1416 601 1547 656; x_wconf 88' lang='lat' dir='ltr'>miserurn</span> 
     </span>
     <span class='ocr_line' id='line_1_4' title="bbox 261 686 1546 760; baseline -0.005 -14"><span class='ocrx_word' id='word_1_24' title='bbox 261 690 397 746; x_wconf 84' lang='lat' dir='ltr'>excruciat</span> <span class='ocrx_word' id='word_1_25' title='bbox 420 689 520 744; x_wconf 76' lang='lat' dir='ltr'>trrrttlis!</span> <span class='ocrx_word' id='word_1_26' title='bbox 553 706 640 760; x_wconf 88' lang='lat' dir='ltr'>egone</span> <span class='ocrx_word' id='word_1_27' title='bbox 664 687 840 760; x_wconf 80' lang='lat' dir='ltr'>‹prtatlragiuta</span> <span class='ocrx_word' id='word_1_28' title='bbox 863 687 927 741; x_wconf 76' lang='lat' dir='ltr'>(lare</span> <span class='ocrx_word' id='word_1_29' title='bbox 948 687 1061 742; x_wconf 75' lang='lat' dir='ltr'>‹lucatus</span> <span class='ocrx_word' id='word_1_30' title='bbox 1084 704 1206 759; x_wconf 86' lang='lat' dir='ltr'>possent,</span> <span class='ocrx_word' id='word_1_31' title='bbox 1241 686 1286 758; x_wconf 81' lang='lat' dir='ltr'>qui</span> <span class='ocrx_word' id='word_1_32' title='bbox 1316 687 1341 740; x_wconf 94' lang='lat' dir='ltr'>in</span> <span class='ocrx_word' id='word_1_33' title='bbox 1365 686 1546 759; x_wconf 79' lang='lat' dir='ltr'>‹prindraginta</span> 
     </span>
     <span class='ocr_line' id='line_1_5' title="bbox 262 770 1546 845; baseline -0.004 -15"><span class='ocrx_word' id='word_1_34' title='bbox 262 776 338 830; x_wconf 79' lang='lat' dir='ltr'>atonis</span> <span class='ocrx_word' id='word_1_35' title='bbox 361 793 402 829; x_wconf 89' lang='lat' dir='ltr'>rne</span> <span class='ocrx_word' id='word_1_36' title='bbox 424 791 507 829; x_wconf 81' lang='lat' dir='ltr'>utiuur</span> <span class='ocrx_word' id='word_1_37' title='bbox 531 773 638 845; x_wconf 76' lang='lat' dir='ltr'>‹pudern</span> <span class='ocrx_word' id='word_1_38' title='bbox 662 773 731 828; x_wconf 79' lang='lat' dir='ltr'>ritli‘!</span> <span class='ocrx_word' id='word_1_39' title='bbox 756 781 811 827; x_wconf 82' lang='lat' dir='ltr'>titur</span> <span class='ocrx_word' id='word_1_40' title='bbox 834 780 939 833; x_wconf 85' lang='lat' dir='ltr'>atttern.</span> <span class='ocrx_word' id='word_1_41' title='bbox 962 781 992 826; x_wconf 90' lang='lat' dir='ltr'>ut</span> <span class='ocrx_word' id='word_1_42' title='bbox 1014 780 1040 828; x_wconf 91' lang='lat' dir='ltr'>et</span> <span class='ocrx_word' id='word_1_43' title='bbox 1056 771 1115 827; x_wconf 88' lang='lat' dir='ltr'>beri</span> <span class='ocrx_word' id='word_1_44' title='bbox 1131 771 1199 833; x_wconf 83' lang='lat' dir='ltr'>diui,</span> <span class='ocrx_word' id='word_1_45' title='bbox 1223 771 1244 826; x_wconf 90' lang='lat' dir='ltr'>si</span> <span class='ocrx_word' id='word_1_46' title='bbox 1262 771 1436 845; x_wconf 82' lang='lat' dir='ltr'>producerern</span> <span class='ocrx_word' id='word_1_47' title='bbox 1455 770 1546 826; x_wconf 85' lang='lat' dir='ltr'>ornuia</span> 
     </span>
     <span class='ocr_line' id='line_1_6' title="bbox 260 856 1567 931; baseline -0.005 -17"><span class='ocrx_word' id='word_1_48' title='bbox 260 877 334 921; x_wconf 85' lang='lat' dir='ltr'>rnen,</span> <span class='ocrx_word' id='word_1_49' title='bbox 357 866 384 914; x_wconf 90' lang='lat' dir='ltr'>et</span> <span class='ocrx_word' id='word_1_50' title='bbox 408 857 545 931; x_wconf 88' lang='lat' dir='ltr'>tuguriunr</span> <span class='ocrx_word' id='word_1_51' title='bbox 570 858 657 931; x_wconf 80' lang='lat' dir='ltr'>ipsunt</span> <span class='ocrx_word' id='word_1_52' title='bbox 679 865 706 913; x_wconf 84' lang='lat' dir='ltr'>et</span> <span class='ocrx_word' id='word_1_53' title='bbox 727 875 835 929; x_wconf 82' lang='lat' dir='ltr'>agrurn,</span> <span class='ocrx_word' id='word_1_54' title='bbox 866 857 934 912; x_wconf 79' lang='lat' dir='ltr'>irride</span> <span class='ocrx_word' id='word_1_55' title='bbox 958 857 1042 912; x_wconf 89' lang='lat' dir='ltr'>victus</span> <span class='ocrx_word' id='word_1_56' title='bbox 1065 857 1129 912; x_wconf 86' lang='lat' dir='ltr'>inibi</span> <span class='ocrx_word' id='word_1_57' title='bbox 1152 875 1182 912; x_wconf 86' lang='lat' dir='ltr'>ae</span> <span class='ocrx_word' id='word_1_58' title='bbox 1204 874 1270 912; x_wconf 83' lang='lat' dir='ltr'>rneae</span> <span class='ocrx_word' id='word_1_59' title='bbox 1293 857 1483 930; x_wconf 79' lang='lat' dir='ltr'>suppeditatur</span> <span class='ocrx_word' id='word_1_60' title='bbox 1507 856 1567 910; x_wconf 70' lang='grc' dir='ltr'>[ει-5</span> 
     </span>
     <span class='ocr_line' id='line_1_7' title="bbox 259 940 1545 1017; baseline -0.002 -18"><span class='ocrx_word' id='word_1_61' title='bbox 259 944 355 1005; x_wconf 83' lang='lat' dir='ltr'>nriliae.</span> <span class='ocrx_word' id='word_1_62' title='bbox 391 952 418 1000; x_wconf 92' lang='lat' dir='ltr'>et</span> <span class='ocrx_word' id='word_1_63' title='bbox 441 943 573 1017; x_wconf 85' lang='lat' dir='ltr'>tneipsuur</span> <span class='ocrx_word' id='word_1_64' title='bbox 597 960 647 1015; x_wconf 89' lang='lat' dir='ltr'>pro</span> <span class='ocrx_word' id='word_1_65' title='bbox 670 943 782 1016; x_wconf 86' lang='lat' dir='ltr'>pecunia</span> <span class='ocrx_word' id='word_1_66' title='bbox 808 941 833 996; x_wconf 92' lang='lat' dir='ltr'>iu</span> <span class='ocrx_word' id='word_1_67' title='bbox 857 941 1013 997; x_wconf 86' lang='lat' dir='ltr'>servitutem</span> <span class='ocrx_word' id='word_1_68' title='bbox 1037 940 1172 997; x_wconf 80' lang='lat' dir='ltr'>tradidero</span> <span class='ocrx_word' id='word_1_69' title='bbox 1203 949 1311 1015; x_wconf 86' lang='lat' dir='ltr'>postea,</span> <span class='ocrx_word' id='word_1_70' title='bbox 1344 958 1399 996; x_wconf 91' lang='lat' dir='ltr'>non</span> <span class='ocrx_word' id='word_1_71' title='bbox 1427 941 1545 1014; x_wconf 82' lang='lat' dir='ltr'>quadra·</span> 
     </span>
     <span class='ocr_line' id='line_1_8' title="bbox 259 1028 710 1102; baseline -0.007 -18"><span class='ocrx_word' id='word_1_72' title='bbox 259 1029 334 1102; x_wconf 90' lang='lat' dir='ltr'>ginta</span> <span class='ocrx_word' id='word_1_73' title='bbox 357 1029 446 1084; x_wconf 90' lang='lat' dir='ltr'>aureis</span> <span class='ocrx_word' id='word_1_74' title='bbox 469 1028 558 1083; x_wconf 79' lang='lat' dir='ltr'>‹irnrria</span> <span class='ocrx_word' id='word_1_75' title='bbox 581 1028 710 1083; x_wconf 85' lang='lat' dir='ltr'>venirent.</span> 
     </span>
    </p>

    <p class='ocr_par' dir='ltr' id='par_1_3' title="bbox 324 1112 800 1185">
     <span class='ocr_line' id='line_1_9' title="bbox 324 1112 800 1185; baseline -0.004 -17"><span class='ocrx_word' id='word_1_76' title='bbox 324 1114 419 1169; x_wconf 75' lang='lat' dir='ltr'>l&#39;rrer.</span> <span class='ocrx_word' id='word_1_77' title='bbox 456 1112 525 1180; x_wconf 76' lang='lat' dir='ltr'>uoto</span> <span class='ocrx_word' id='word_1_78' title='bbox 546 1112 666 1185; x_wconf 83' lang='lat' dir='ltr'>agimus,</span> <span class='ocrx_word' id='word_1_79' title='bbox 689 1112 800 1167; x_wconf 85' lang='lat' dir='ltr'>llenno&#39;?</span> 
     </span>
    </p>

    <p class='ocr_par' dir='ltr' id='par_1_4' title="bbox 192 1193 1347 1271">
     <span class='ocr_line' id='line_1_10' title="bbox 192 1193 1347 1271; baseline -0.006 -14"><span class='ocrx_word' id='word_1_80' title='bbox 192 1208 251 1257; x_wconf 58' lang='lat' dir='ltr'>tut.</span> <span class='ocrx_word' id='word_1_81' title='bbox 326 1198 449 1253; x_wconf 90' lang='lat' dir='ltr'>llenno.</span> <span class='ocrx_word' id='word_1_82' title='bbox 488 1195 555 1263; x_wconf 78' lang='lat' dir='ltr'>Quid</span> <span class='ocrx_word' id='word_1_83' title='bbox 579 1215 654 1270; x_wconf 84' lang='lat' dir='ltr'>agant</span> <span class='ocrx_word' id='word_1_84' title='bbox 678 1197 784 1258; x_wconf 89' lang='lat' dir='ltr'>nescio.</span> <span class='ocrx_word' id='word_1_85' title='bbox 809 1204 883 1252; x_wconf 88' lang='lat' dir='ltr'>totus</span> <span class='ocrx_word' id='word_1_86' title='bbox 906 1204 1023 1270; x_wconf 81' lang='lat' dir='ltr'>quatuos</span> <span class='ocrx_word' id='word_1_87' title='bbox 1046 1204 1166 1269; x_wconf 84' lang='lat' dir='ltr'>qtrantus</span> <span class='ocrx_word' id='word_1_88' title='bbox 1188 1213 1246 1252; x_wconf 89' lang='lat' dir='ltr'>sum</span> <span class='ocrx_word' id='word_1_89' title='bbox 1271 1193 1347 1271; x_wconf 88' lang='lat' dir='ltr'>perii.</span> 
     </span>
    </p>

    <p class='ocr_par' dir='ltr' id='par_1_5' title="bbox 323 1280 1578 1356">
     <span class='ocr_line' id='line_1_11' title="bbox 323 1280 1578 1356; baseline -0.002 -19"><span class='ocrx_word' id='word_1_90' title='bbox 323 1283 419 1339; x_wconf 84' lang='lat' dir='ltr'>l‘uer.</span> <span class='ocrx_word' id='word_1_91' title='bbox 458 1282 643 1356; x_wconf 88' lang='lat' dir='ltr'>Supplieeurus</span> <span class='ocrx_word' id='word_1_92' title='bbox 667 1282 742 1337; x_wconf 91' lang='lat' dir='ltr'>buic:</span> <span class='ocrx_word' id='word_1_93' title='bbox 766 1283 810 1355; x_wconf 89' lang='lat' dir='ltr'>qui</span> <span class='ocrx_word' id='word_1_94' title='bbox 834 1281 904 1337; x_wconf 75' lang='lat' dir='ltr'>seis?</span> <span class='ocrx_word' id='word_1_95' title='bbox 927 1281 1049 1336; x_wconf 86' lang='lat' dir='ltr'>remittet</span> <span class='ocrx_word' id='word_1_96' title='bbox 1068 1280 1177 1355; x_wconf 86' lang='lat' dir='ltr'>aliquid.</span> <span class='ocrx_word' id='word_1_97' title='bbox 1554 1295 1578 1334; x_wconf 88' lang='lat' dir='ltr'>to</span> 
     </span>
    </p>

    <p class='ocr_par' dir='ltr' id='par_1_6' title="bbox 260 1365 1544 1527">
     <span class='ocr_line' id='line_1_12' title="bbox 323 1365 1544 1441; baseline -0.001 -19"><span class='ocrx_word' id='word_1_98' title='bbox 323 1367 447 1422; x_wconf 91' lang='lat' dir='ltr'>llenno.</span> <span class='ocrx_word' id='word_1_99' title='bbox 486 1367 541 1423; x_wconf 87' lang='lat' dir='ltr'>lloo</span> <span class='ocrx_word' id='word_1_100' title='bbox 563 1366 663 1440; x_wconf 78' lang='lat' dir='ltr'>aliquid</span> <span class='ocrx_word' id='word_1_101' title='bbox 687 1366 753 1422; x_wconf 91' lang='lat' dir='ltr'>nibil</span> <span class='ocrx_word' id='word_1_102' title='bbox 777 1375 833 1422; x_wconf 87' lang='lat' dir='ltr'>est:</span> <span class='ocrx_word' id='word_1_103' title='bbox 856 1367 888 1421; x_wconf 92' lang='lat' dir='ltr'>ab</span> <span class='ocrx_word' id='word_1_104' title='bbox 913 1366 996 1440; x_wconf 82' lang='lat' dir='ltr'>perii,</span> <span class='ocrx_word' id='word_1_105' title='bbox 1026 1383 1114 1440; x_wconf 87' lang='lat' dir='ltr'>neque</span> <span class='ocrx_word' id='word_1_106' title='bbox 1137 1367 1189 1422; x_wconf 86' lang='lat' dir='ltr'>boe</span> <span class='ocrx_word' id='word_1_107' title='bbox 1212 1365 1313 1440; x_wconf 82' lang='lat' dir='ltr'>aliquid</span> <span class='ocrx_word' id='word_1_108' title='bbox 1335 1367 1399 1423; x_wconf 87' lang='lat' dir='ltr'>dare</span> <span class='ocrx_word' id='word_1_109' title='bbox 1421 1384 1544 1441; x_wconf 83' lang='lat' dir='ltr'>possum,</span> 
     </span>
     <span class='ocr_line' id='line_1_13' title="bbox 260 1452 553 1527; baseline 0 -21"><span class='ocrx_word' id='word_1_110' title='bbox 260 1452 387 1527; x_wconf 81' lang='lat' dir='ltr'>quicquid</span> <span class='ocrx_word' id='word_1_111' title='bbox 412 1452 553 1508; x_wconf 71' lang='lat' dir='ltr'><strong>remiserit.</strong></span> 
     </span>
    </p>

    <p class='ocr_par' dir='ltr' id='par_1_7' title="bbox 258 1535 1579 1781">
     <span class='ocr_line' id='line_1_14' title="bbox 323 1535 1546 1610; baseline -0.002 -17"><span class='ocrx_word' id='word_1_112' title='bbox 323 1538 480 1610; x_wconf 87' lang='lat' dir='ltr'>Legatus.</span> <span class='ocrx_word' id='word_1_113' title='bbox 518 1536 583 1592; x_wconf 84' lang='lat' dir='ltr'>llovi</span> <span class='ocrx_word' id='word_1_114' title='bbox 606 1537 657 1592; x_wconf 90' lang='lat' dir='ltr'>ianr</span> <span class='ocrx_word' id='word_1_115' title='bbox 680 1537 730 1591; x_wconf 87' lang='lat' dir='ltr'>bos</span> <span class='ocrx_word' id='word_1_116' title='bbox 753 1535 875 1592; x_wconf 87' lang='lat' dir='ltr'>homines</span> <span class='ocrx_word' id='word_1_117' title='bbox 898 1553 964 1609; x_wconf 82' lang='lat' dir='ltr'>ego.</span> <span class='ocrx_word' id='word_1_118' title='bbox 989 1536 1103 1609; x_wconf 87' lang='lat' dir='ltr'>plurirna</span> <span class='ocrx_word' id='word_1_119' title='bbox 1126 1554 1185 1593; x_wconf 83' lang='lat' dir='ltr'>curn</span> <span class='ocrx_word' id='word_1_120' title='bbox 1209 1536 1324 1592; x_wconf 76' lang='lat' dir='ltr'>habeant</span> <span class='ocrx_word' id='word_1_121' title='bbox 1345 1536 1453 1609; x_wconf 80' lang='lat' dir='ltr'>sintque</span> <span class='ocrx_word' id='word_1_122' title='bbox 1469 1535 1546 1591; x_wconf 90' lang='lat' dir='ltr'>locu·</span> 
     </span>
     <span class='ocr_line' id='line_1_15' title="bbox 258 1620 1544 1697; baseline -0.002 -19"><span class='ocrx_word' id='word_1_123' title='bbox 258 1622 419 1697; x_wconf 82' lang='lat' dir='ltr'>pletissirni,</span> <span class='ocrx_word' id='word_1_124' title='bbox 454 1621 519 1677; x_wconf 88' lang='lat' dir='ltr'>nibil</span> <span class='ocrx_word' id='word_1_125' title='bbox 556 1640 615 1678; x_wconf 92' lang='lat' dir='ltr'>sese</span> <span class='ocrx_word' id='word_1_126' title='bbox 648 1631 736 1677; x_wconf 85' lang='lat' dir='ltr'>tamon</span> <span class='ocrx_word' id='word_1_127' title='bbox 766 1621 864 1677; x_wconf 90' lang='lat' dir='ltr'>babere</span> <span class='ocrx_word' id='word_1_128' title='bbox 893 1629 980 1676; x_wconf 83' lang='lat' dir='ltr'>astute</span> <span class='ocrx_word' id='word_1_129' title='bbox 1010 1621 1145 1677; x_wconf 86' lang='lat' dir='ltr'>sinrulant.</span> <span class='ocrx_word' id='word_1_130' title='bbox 1190 1623 1245 1683; x_wconf 89' lang='lat' dir='ltr'>Tu,</span> <span class='ocrx_word' id='word_1_131' title='bbox 1279 1620 1387 1683; x_wconf 90' lang='lat' dir='ltr'>lleuno,</span> <span class='ocrx_word' id='word_1_132' title='bbox 1421 1629 1544 1682; x_wconf 82' lang='lat' dir='ltr'>ornatus,</span> 
     </span>
     <span class='ocr_line' id='line_1_16' title="bbox 263 1706 1579 1781; baseline -0.002 -18"><span class='ocrx_word' id='word_1_133' title='bbox 263 1707 423 1769; x_wconf 82' lang='lat' dir='ltr'>inuntlicies,</span> <span class='ocrx_word' id='word_1_134' title='bbox 447 1707 554 1762; x_wconf 88' lang='lat' dir='ltr'>babitus</span> <span class='ocrx_word' id='word_1_135' title='bbox 576 1707 660 1781; x_wconf 88' lang='lat' dir='ltr'>ipsius</span> <span class='ocrx_word' id='word_1_136' title='bbox 684 1708 740 1761; x_wconf 87' lang='lat' dir='ltr'>oris</span> <span class='ocrx_word' id='word_1_137' title='bbox 763 1707 843 1761; x_wconf 87' lang='lat' dir='ltr'>etiarn</span> <span class='ocrx_word' id='word_1_138' title='bbox 867 1706 984 1762; x_wconf 80' lang='lat' dir='ltr'>indicant</span> <span class='ocrx_word' id='word_1_139' title='bbox 1006 1707 1114 1762; x_wconf 85' lang='lat' dir='ltr'>tliritenr</span> <span class='ocrx_word' id='word_1_140' title='bbox 1137 1725 1197 1762; x_wconf 88' lang='lat' dir='ltr'>esse</span> <span class='ocrx_word' id='word_1_141' title='bbox 1221 1715 1255 1762; x_wconf 82' lang='lat' dir='ltr'>te.</span> <span class='ocrx_word' id='word_1_142' title='bbox 1556 1721 1579 1761; x_wconf 83' lang='lat' dir='ltr'>ts</span> 
     </span>
    </p>

    <p class='ocr_par' dir='ltr' id='par_1_8' title="bbox 191 1790 1580 2206">
     <span class='ocr_line' id='line_1_17' title="bbox 191 1790 1545 1855; baseline 0.002 -13"><span class='ocrx_word' id='word_1_143' title='bbox 191 1802 251 1850; x_wconf 69' lang='lat' dir='ltr'>§.aa</span> <span class='ocrx_word' id='word_1_144' title='bbox 327 1792 421 1847; x_wconf 73' lang='lat' dir='ltr'>l&#39;uer.</span> <span class='ocrx_word' id='word_1_145' title='bbox 459 1791 635 1848; x_wconf 81' lang='lat' dir='ltr'>Praestitisset</span> <span class='ocrx_word' id='word_1_146' title='bbox 657 1792 822 1847; x_wconf 79' lang='lat' dir='ltr'>sortlitlaturu</span> <span class='ocrx_word' id='word_1_147' title='bbox 846 1792 992 1847; x_wconf 62' lang='lat' dir='ltr'>attressisse</span> <span class='ocrx_word' id='word_1_148' title='bbox 1015 1792 1100 1855; x_wconf 57' lang='lat' dir='ltr'>buum</span> <span class='ocrx_word' id='word_1_149' title='bbox 1123 1808 1177 1847; x_wconf 91' lang='lat' dir='ltr'>non</span> <span class='ocrx_word' id='word_1_150' title='bbox 1201 1799 1302 1847; x_wconf 88' lang='lat' dir='ltr'>recttun</span> <span class='ocrx_word' id='word_1_151' title='bbox 1326 1790 1390 1846; x_wconf 84' lang='lat' dir='ltr'>illutl</span> <span class='ocrx_word' id='word_1_152' title='bbox 1415 1791 1466 1846; x_wconf 86' lang='lat' dir='ltr'>luit</span> <span class='ocrx_word' id='word_1_153' title='bbox 1480 1807 1545 1846; x_wconf 93' lang='lat' dir='ltr'>con·</span> 
     </span>
     <span class='ocr_line' id='line_1_18' title="bbox 261 1875 1545 1951; baseline 0 -21"><span class='ocrx_word' id='word_1_154' title='bbox 261 1875 365 1937; x_wconf 83' lang='lat' dir='ltr'>siliunt,</span> <span class='ocrx_word' id='word_1_155' title='bbox 389 1894 443 1948; x_wconf 81' lang='lat' dir='ltr'>quo</span> <span class='ocrx_word' id='word_1_156' title='bbox 467 1875 532 1930; x_wconf 86' lang='lat' dir='ltr'>iussi</span> <span class='ocrx_word' id='word_1_157' title='bbox 556 1876 689 1939; x_wconf 87' lang='lat' dir='ltr'>restibus,</span> <span class='ocrx_word' id='word_1_158' title='bbox 712 1876 823 1938; x_wconf 85' lang='lat' dir='ltr'>calceis,</span> <span class='ocrx_word' id='word_1_159' title='bbox 847 1876 970 1932; x_wconf 79' lang='lat' dir='ltr'>titanibus</span> <span class='ocrx_word' id='word_1_160' title='bbox 994 1877 1114 1951; x_wconf 76' lang='lat' dir='ltr'>facieque</span> <span class='ocrx_word' id='word_1_161' title='bbox 1136 1876 1192 1932; x_wconf 90' lang='lat' dir='ltr'>lota</span> <span class='ocrx_word' id='word_1_162' title='bbox 1215 1877 1305 1932; x_wconf 79' lang='lat' dir='ltr'>restire</span> <span class='ocrx_word' id='word_1_163' title='bbox 1321 1875 1381 1931; x_wconf 86' lang='lat' dir='ltr'>buc.</span> <span class='ocrx_word' id='word_1_164' title='bbox 1414 1876 1465 1930; x_wconf 81' lang='lat' dir='ltr'>iarn</span> <span class='ocrx_word' id='word_1_165' title='bbox 1481 1893 1545 1931; x_wconf 83' lang='lat' dir='ltr'>rere</span> 
     </span>
     <span class='ocr_line' id='line_1_19' title="bbox 261 1960 1546 2036; baseline 0.001 -22"><span class='ocrx_word' id='word_1_166' title='bbox 261 1978 341 2033; x_wconf 77' lang='lat' dir='ltr'>rpueur</span> <span class='ocrx_word' id='word_1_167' title='bbox 364 1960 495 2032; x_wconf 84' lang='lat' dir='ltr'>rrrrrlgeat.</span> <span class='ocrx_word' id='word_1_168' title='bbox 520 1969 596 2035; x_wconf 84' lang='lat' dir='ltr'>potat</span> <span class='ocrx_word' id='word_1_169' title='bbox 619 1962 752 2036; x_wconf 88' lang='lat' dir='ltr'>reperisse</span> <span class='ocrx_word' id='word_1_170' title='bbox 775 1979 819 2018; x_wconf 87' lang='lat' dir='ltr'>se:</span> <span class='ocrx_word' id='word_1_171' title='bbox 851 1961 885 2017; x_wconf 87' lang='lat' dir='ltr'>alr</span> <span class='ocrx_word' id='word_1_172' title='bbox 908 1961 992 2016; x_wconf 85' lang='lat' dir='ltr'>lalsus</span> <span class='ocrx_word' id='word_1_173' title='bbox 1014 1963 1070 2018; x_wconf 85' lang='lat' dir='ltr'>est!</span> <span class='ocrx_word' id='word_1_174' title='bbox 1105 1978 1159 2017; x_wconf 91' lang='lat' dir='ltr'>non</span> <span class='ocrx_word' id='word_1_175' title='bbox 1188 1960 1269 2016; x_wconf 87' lang='lat' dir='ltr'>babet</span> <span class='ocrx_word' id='word_1_176' title='bbox 1291 1962 1427 2035; x_wconf 84' lang='lat' dir='ltr'>prolecto,</span> <span class='ocrx_word' id='word_1_177' title='bbox 1458 1961 1546 2016; x_wconf 90' lang='lat' dir='ltr'>odo·</span> 
     </span>
     <span class='ocr_line' id='line_1_20' title="bbox 262 2044 1546 2120; baseline -0.002 -19"><span class='ocrx_word' id='word_1_178' title='bbox 262 2047 346 2108; x_wconf 79' lang='lat' dir='ltr'>ruine,</span> <span class='ocrx_word' id='word_1_179' title='bbox 371 2046 427 2120; x_wconf 88' lang='lat' dir='ltr'>ipse</span> <span class='ocrx_word' id='word_1_180' title='bbox 450 2044 490 2101; x_wconf 82' lang='lat' dir='ltr'>rel</span> <span class='ocrx_word' id='word_1_181' title='bbox 513 2064 562 2120; x_wconf 91' lang='lat' dir='ltr'>per</span> <span class='ocrx_word' id='word_1_182' title='bbox 585 2054 646 2103; x_wconf 83' lang='lat' dir='ltr'>ttius</span> <span class='ocrx_word' id='word_1_183' title='bbox 670 2045 857 2120; x_wconf 78' lang='lat' dir='ltr'>exploratione</span> <span class='ocrx_word' id='word_1_184' title='bbox 880 2046 1026 2119; x_wconf 79' lang='lat' dir='ltr'>investiges</span> <span class='ocrx_word' id='word_1_185' title='bbox 1048 2045 1124 2104; x_wconf 90' lang='lat' dir='ltr'>licet:</span> <span class='ocrx_word' id='word_1_186' title='bbox 1148 2063 1234 2120; x_wconf 89' lang='lat' dir='ltr'>pagus</span> <span class='ocrx_word' id='word_1_187' title='bbox 1257 2046 1328 2102; x_wconf 88' lang='lat' dir='ltr'>eninr</span> <span class='ocrx_word' id='word_1_188' title='bbox 1351 2046 1377 2100; x_wconf 94' lang='lat' dir='ltr'>in</span> <span class='ocrx_word' id='word_1_189' title='bbox 1401 2063 1455 2118; x_wconf 80' lang='lat' dir='ltr'>quo</span> <span class='ocrx_word' id='word_1_190' title='bbox 1471 2044 1546 2101; x_wconf 81' lang='lat' dir='ltr'>bebi·</span> 
     </span>
     <span class='ocr_line' id='line_1_21' title="bbox 262 2129 1580 2206; baseline 0 -21"><span class='ocrx_word' id='word_1_191' title='bbox 262 2138 315 2192; x_wconf 85' lang='lat' dir='ltr'>tat,</span> <span class='ocrx_word' id='word_1_192' title='bbox 339 2131 409 2186; x_wconf 84' lang='lat' dir='ltr'>baud</span> <span class='ocrx_word' id='word_1_193' title='bbox 433 2131 470 2186; x_wconf 87' lang='lat' dir='ltr'>ita</span> <span class='ocrx_word' id='word_1_194' title='bbox 488 2129 571 2204; x_wconf 88' lang='lat' dir='ltr'>lengo</span> <span class='ocrx_word' id='word_1_195' title='bbox 587 2131 669 2186; x_wconf 82' lang='lat' dir='ltr'>distat</span> <span class='ocrx_word' id='word_1_196' title='bbox 685 2131 717 2186; x_wconf 90' lang='lat' dir='ltr'>ab</span> <span class='ocrx_word' id='word_1_197' title='bbox 732 2131 783 2187; x_wconf 89' lang='lat' dir='ltr'>bac</span> <span class='ocrx_word' id='word_1_198' title='bbox 797 2131 863 2187; x_wconf 88' lang='lat' dir='ltr'>urbe</span> <span class='ocrx_word' id='word_1_199' title='bbox 880 2130 1034 2193; x_wconf 77' lang='lat' dir='ltr'>interuallo,</span> <span class='ocrx_word' id='word_1_200' title='bbox 1059 2132 1129 2187; x_wconf 87' lang='lat' dir='ltr'>intra</span> <span class='ocrx_word' id='word_1_201' title='bbox 1145 2132 1260 2206; x_wconf 86' lang='lat' dir='ltr'>prirnurn</span> <span class='ocrx_word' id='word_1_202' title='bbox 1277 2130 1392 2206; x_wconf 85' lang='lat' dir='ltr'>lapidem</span> <span class='ocrx_word' id='word_1_203' title='bbox 1408 2130 1477 2187; x_wconf 86' lang='lat' dir='ltr'>situs</span> <span class='ocrx_word' id='word_1_204' title='bbox 1492 2139 1543 2186; x_wconf 84' lang='lat' dir='ltr'>est.</span> <span class='ocrx_word' id='word_1_205' title='bbox 1554 2146 1580 2185; x_wconf 80' lang='lat' dir='ltr'>aa</span> 
     </span>
    </p>

    <p class='ocr_par' dir='ltr' id='par_1_9' title="bbox 324 2215 1115 2290">
     <span class='ocr_line' id='line_1_22' title="bbox 324 2215 1115 2290; baseline 0.001 -20"><span class='ocrx_word' id='word_1_206' title='bbox 324 2215 487 2288; x_wconf 60' lang='lat' dir='ltr'>laegatus.</span> <span class='ocrx_word' id='word_1_207' title='bbox 526 2218 559 2271; x_wconf 79' lang='lat' dir='ltr'>At</span> <span class='ocrx_word' id='word_1_208' title='bbox 582 2217 677 2290; x_wconf 83' lang='lat' dir='ltr'>viginti</span> <span class='ocrx_word' id='word_1_209' title='bbox 700 2224 806 2290; x_wconf 80' lang='lat' dir='ltr'>potest:</span> <span class='ocrx_word' id='word_1_210' title='bbox 830 2217 931 2289; x_wconf 78' lang='lat' dir='ltr'>grande</span> <span class='ocrx_word' id='word_1_211' title='bbox 953 2216 1042 2272; x_wconf 90' lang='lat' dir='ltr'>scelos</span> <span class='ocrx_word' id='word_1_212' title='bbox 1065 2225 1115 2273; x_wconf 83' lang='lat' dir='ltr'>est.</span> 
     </span>
    </p>

    <p class='ocr_par' dir='ltr' id='par_1_10' title="bbox 261 2300 1547 2439">
     <span class='ocr_line' id='line_1_23' title="bbox 324 2300 1547 2374; baseline 0.001 -19"><span class='ocrx_word' id='word_1_213' title='bbox 324 2300 417 2356; x_wconf 85' lang='lat' dir='ltr'>Puer.</span> <span class='ocrx_word' id='word_1_214' title='bbox 455 2301 539 2362; x_wconf 90' lang='lat' dir='ltr'>Licet,</span> <span class='ocrx_word' id='word_1_215' title='bbox 569 2319 622 2356; x_wconf 93' lang='lat' dir='ltr'>non</span> <span class='ocrx_word' id='word_1_216' title='bbox 652 2311 725 2357; x_wconf 87' lang='lat' dir='ltr'>certe</span> <span class='ocrx_word' id='word_1_217' title='bbox 752 2301 845 2357; x_wconf 85' lang='lat' dir='ltr'>decern</span> <span class='ocrx_word' id='word_1_218' title='bbox 873 2300 905 2356; x_wconf 89' lang='lat' dir='ltr'>ab</span> <span class='ocrx_word' id='word_1_219' title='bbox 936 2301 978 2356; x_wconf 89' lang='lat' dir='ltr'>his</span> <span class='ocrx_word' id='word_1_220' title='bbox 1007 2300 1171 2358; x_wconf 82' lang='lat' dir='ltr'>electoribus</span> <span class='ocrx_word' id='word_1_221' title='bbox 1195 2302 1275 2357; x_wconf 85' lang='lat' dir='ltr'>etiarn</span> <span class='ocrx_word' id='word_1_222' title='bbox 1298 2301 1400 2374; x_wconf 87' lang='lat' dir='ltr'>poterit</span> <span class='ocrx_word' id='word_1_223' title='bbox 1421 2301 1547 2373; x_wconf 82' lang='lat' dir='ltr'>signatos</span> 
     </span>
     <span class='ocr_line' id='line_1_24' title="bbox 261 2401 366 2439; baseline 0 -1"><span class='ocrx_word' id='word_1_224' title='bbox 261 2401 366 2439; x_wconf 78' lang='lat' dir='ltr'>auroris.</span> 
     </span>
    </p>

    <p class='ocr_par' dir='ltr' id='par_1_11' title="bbox 195 2469 1582 2714">
     <span class='ocr_line' id='line_1_25' title="bbox 195 2469 1547 2544; baseline 0.002 -22"><span class='ocrx_word' id='word_1_225' title='bbox 195 2481 255 2530; x_wconf 73' lang='lat' dir='ltr'>§.aa</span> <span class='ocrx_word' id='word_1_226' title='bbox 329 2469 490 2541; x_wconf 82' lang='lat' dir='ltr'>legatus.</span> <span class='ocrx_word' id='word_1_227' title='bbox 530 2471 611 2527; x_wconf 79' lang='lat' dir='ltr'>llenr‘t</span> <span class='ocrx_word' id='word_1_228' title='bbox 635 2489 689 2527; x_wconf 76' lang='lat' dir='ltr'>uim</span> <span class='ocrx_word' id='word_1_229' title='bbox 711 2471 802 2527; x_wconf 70' lang='lat' dir='ltr'>elecem</span> <span class='ocrx_word' id='word_1_230' title='bbox 825 2474 938 2527; x_wconf 78' lang='lat' dir='ltr'>aureos?</span> <span class='ocrx_word' id='word_1_231' title='bbox 962 2471 1062 2527; x_wconf 76' lang='lat' dir='ltr'>frustra</span> <span class='ocrx_word' id='word_1_232' title='bbox 1083 2489 1149 2544; x_wconf 90' lang='lat' dir='ltr'>ergo</span> <span class='ocrx_word' id='word_1_233' title='bbox 1166 2472 1217 2528; x_wconf 87' lang='lat' dir='ltr'>boe</span> <span class='ocrx_word' id='word_1_234' title='bbox 1233 2471 1361 2527; x_wconf 87' lang='lat' dir='ltr'>accessit:</span> <span class='ocrx_word' id='word_1_235' title='bbox 1386 2487 1474 2526; x_wconf 81' lang='lat' dir='ltr'>nicom</span> <span class='ocrx_word' id='word_1_236' title='bbox 1490 2487 1547 2526; x_wconf 91' lang='lat' dir='ltr'>non</span> 
     </span>
     <span class='ocr_line' id='line_1_26' title="bbox 261 2554 1582 2630; baseline 0.002 -21"><span class='ocrx_word' id='word_1_237' title='bbox 261 2562 304 2610; x_wconf 91' lang='lat' dir='ltr'>cst</span> <span class='ocrx_word' id='word_1_238' title='bbox 326 2557 412 2627; x_wconf 89' lang='lat' dir='ltr'>gratis</span> <span class='ocrx_word' id='word_1_239' title='bbox 434 2556 512 2616; x_wconf 85' lang='lat' dir='ltr'>dare.</span> <span class='ocrx_word' id='word_1_240' title='bbox 536 2556 642 2629; x_wconf 80' lang='lat' dir='ltr'>tpuantlo</span> <span class='ocrx_word' id='word_1_241' title='bbox 665 2575 717 2629; x_wconf 88' lang='lat' dir='ltr'>ego</span> <span class='ocrx_word' id='word_1_242' title='bbox 740 2557 825 2630; x_wconf 87' lang='lat' dir='ltr'>gratis</span> <span class='ocrx_word' id='word_1_243' title='bbox 848 2555 914 2612; x_wconf 91' lang='lat' dir='ltr'>nibil</span> <span class='ocrx_word' id='word_1_244' title='bbox 938 2555 1039 2612; x_wconf 89' lang='lat' dir='ltr'>babeo:</span> <span class='ocrx_word' id='word_1_245' title='bbox 1063 2565 1143 2630; x_wconf 87' lang='lat' dir='ltr'>atque</span> <span class='ocrx_word' id='word_1_246' title='bbox 1160 2556 1225 2612; x_wconf 81' lang='lat' dir='ltr'>aileo</span> <span class='ocrx_word' id='word_1_247' title='bbox 1242 2555 1264 2611; x_wconf 91' lang='lat' dir='ltr'>si</span> <span class='ocrx_word' id='word_1_248' title='bbox 1280 2574 1388 2629; x_wconf 81' lang='lat' dir='ltr'>possein</span> <span class='ocrx_word' id='word_1_249' title='bbox 1404 2564 1449 2611; x_wconf 86' lang='lat' dir='ltr'>aut</span> <span class='ocrx_word' id='word_1_250' title='bbox 1465 2554 1582 2611; x_wconf 74' lang='lat' dir='ltr'>tteeaiaa</span> 
     </span>
     <span class='ocr_line' id='line_1_27' title="bbox 262 2639 1394 2714; baseline -0.001 -19"><span class='ocrx_word' id='word_1_251' title='bbox 262 2639 356 2701; x_wconf 86' lang='lat' dir='ltr'>etiarn.</span> <span class='ocrx_word' id='word_1_252' title='bbox 381 2658 465 2714; x_wconf 86' lang='lat' dir='ltr'>qrrare</span> <span class='ocrx_word' id='word_1_253' title='bbox 487 2639 568 2696; x_wconf 90' lang='lat' dir='ltr'>Italus</span> <span class='ocrx_word' id='word_1_254' title='bbox 590 2642 622 2697; x_wconf 83' lang='lat' dir='ltr'>tle</span> <span class='ocrx_word' id='word_1_255' title='bbox 639 2644 769 2697; x_wconf 82' lang='lat' dir='ltr'>llerurano</span> <span class='ocrx_word' id='word_1_256' title='bbox 793 2651 819 2698; x_wconf 89' lang='lat' dir='ltr'>et</span> <span class='ocrx_word' id='word_1_257' title='bbox 844 2641 947 2696; x_wconf 88' lang='lat' dir='ltr'>rustico</span> <span class='ocrx_word' id='word_1_258' title='bbox 970 2641 1038 2697; x_wconf 90' lang='lat' dir='ltr'>bene</span> <span class='ocrx_word' id='word_1_259' title='bbox 1061 2650 1208 2704; x_wconf 76' lang='lat' dir='ltr'>urerentur,</span> <span class='ocrx_word' id='word_1_260' title='bbox 1232 2657 1285 2696; x_wconf 91' lang='lat' dir='ltr'>non</span> <span class='ocrx_word' id='word_1_261' title='bbox 1310 2640 1394 2696; x_wconf 83' lang='lat' dir='ltr'>rideo.</span> 
     </span>
    </p>

    <p class='ocr_par' dir='ltr' id='par_1_12' title="bbox 262 2724 1549 2865">
     <span class='ocr_line' id='line_1_28' title="bbox 326 2724 1549 2800; baseline 0.002 -21"><span class='ocrx_word' id='word_1_262' title='bbox 326 2725 424 2781; x_wconf 86' lang='lat' dir='ltr'>Puer.</span> <span class='ocrx_word' id='word_1_263' title='bbox 463 2728 496 2780; x_wconf 80' lang='lat' dir='ltr'>tt</span> <span class='ocrx_word' id='word_1_264' title='bbox 519 2726 580 2798; x_wconf 87' lang='lat' dir='ltr'>quia</span> <span class='ocrx_word' id='word_1_265' title='bbox 604 2726 772 2783; x_wconf 86' lang='lat' dir='ltr'>Christianus</span> <span class='ocrx_word' id='word_1_266' title='bbox 801 2735 828 2782; x_wconf 86' lang='lat' dir='ltr'>et</span> <span class='ocrx_word' id='word_1_267' title='bbox 856 2743 976 2800; x_wconf 86' lang='lat' dir='ltr'>pauper:</span> <span class='ocrx_word' id='word_1_268' title='bbox 1009 2726 1105 2783; x_wconf 79' lang='lat' dir='ltr'>cteluur</span> <span class='ocrx_word' id='word_1_269' title='bbox 1136 2727 1184 2783; x_wconf 85' lang='lat' dir='ltr'>liae</span> <span class='ocrx_word' id='word_1_270' title='bbox 1212 2724 1386 2782; x_wconf 80' lang='lat' dir='ltr'>lienelrcentia</span> <span class='ocrx_word' id='word_1_271' title='bbox 1415 2743 1549 2782; x_wconf 75' lang='lat' dir='ltr'>cortanser-</span> 
     </span>
     <span class='ocr_line' id='line_1_29' title="bbox 262 2809 374 2865; baseline -0.009 0"><span class='ocrx_word' id='word_1_272' title='bbox 262 2809 374 2865; x_wconf 88' lang='lat' dir='ltr'>caberis.</span> 
     </span>
    </p>

    <p class='ocr_par' dir='ltr' id='par_1_13' title="bbox 262 2894 1585 3120">
     <span class='ocr_line' id='line_1_30' title="bbox 325 2894 1549 2970; baseline 0.001 -21"><span class='ocrx_word' id='word_1_273' title='bbox 325 2894 489 2968; x_wconf 78' lang='lat' dir='ltr'>Legatos.</span> <span class='ocrx_word' id='word_1_274' title='bbox 526 2895 627 2952; x_wconf 83' lang='lat' dir='ltr'>Coeluru</span> <span class='ocrx_word' id='word_1_275' title='bbox 650 2897 719 2970; x_wconf 81' lang='lat' dir='ltr'>aputl</span> <span class='ocrx_word' id='word_1_276' title='bbox 742 2914 783 2952; x_wconf 91' lang='lat' dir='ltr'>tue</span> <span class='ocrx_word' id='word_1_277' title='bbox 807 2895 958 2951; x_wconf 83' lang='lat' dir='ltr'>iaurtltuluur</span> <span class='ocrx_word' id='word_1_278' title='bbox 982 2895 1081 2958; x_wconf 85' lang='lat' dir='ltr'>habeo,</span> <span class='ocrx_word' id='word_1_279' title='bbox 1105 2905 1132 2952; x_wconf 89' lang='lat' dir='ltr'>et</span> <span class='ocrx_word' id='word_1_280' title='bbox 1153 2897 1195 2953; x_wconf 90' lang='lat' dir='ltr'>eui</span> <span class='ocrx_word' id='word_1_281' title='bbox 1212 2914 1263 2970; x_wconf 90' lang='lat' dir='ltr'>ego</span> <span class='ocrx_word' id='word_1_282' title='bbox 1279 2895 1354 2957; x_wconf 84' lang='lat' dir='ltr'>volo,</span> <span class='ocrx_word' id='word_1_283' title='bbox 1378 2896 1463 2951; x_wconf 81' lang='lat' dir='ltr'>rentlo</span> <span class='ocrx_word' id='word_1_284' title='bbox 1479 2913 1549 2970; x_wconf 89' lang='lat' dir='ltr'>quo-</span> 
     </span>
     <span class='ocr_line' id='line_1_31' title="bbox 262 2980 1585 3055; baseline -0.002 -21"><span class='ocrx_word' id='word_1_285' title='bbox 262 2980 339 3035; x_wconf 83' lang='lat' dir='ltr'>titlie:</span> <span class='ocrx_word' id='word_1_286' title='bbox 364 2981 429 3052; x_wconf 90' lang='lat' dir='ltr'>quin</span> <span class='ocrx_word' id='word_1_287' title='bbox 451 2989 479 3035; x_wconf 88' lang='lat' dir='ltr'>et</span> <span class='ocrx_word' id='word_1_288' title='bbox 500 2981 623 3037; x_wconf 79' lang='lat' dir='ltr'>Christus</span> <span class='ocrx_word' id='word_1_289' title='bbox 646 2982 703 3055; x_wconf 91' lang='lat' dir='ltr'>ipse</span> <span class='ocrx_word' id='word_1_290' title='bbox 727 2981 753 3036; x_wconf 94' lang='lat' dir='ltr'>in</span> <span class='ocrx_word' id='word_1_291' title='bbox 778 2989 911 3055; x_wconf 76' lang='lat' dir='ltr'>potestate</span> <span class='ocrx_word' id='word_1_292' title='bbox 934 2990 976 3036; x_wconf 85' lang='lat' dir='ltr'>est</span> <span class='ocrx_word' id='word_1_293' title='bbox 999 2998 1071 3042; x_wconf 81' lang='lat' dir='ltr'>inea,</span> <span class='ocrx_word' id='word_1_294' title='bbox 1101 2982 1211 3054; x_wconf 87' lang='lat' dir='ltr'>cogitur</span> <span class='ocrx_word' id='word_1_295' title='bbox 1238 2981 1305 3037; x_wconf 83' lang='lat' dir='ltr'>velle</span> <span class='ocrx_word' id='word_1_296' title='bbox 1335 2980 1359 3036; x_wconf 88' lang='lat' dir='ltr'>id</span> <span class='ocrx_word' id='word_1_297' title='bbox 1388 2981 1459 3054; x_wconf 86' lang='lat' dir='ltr'>quod</span> <span class='ocrx_word' id='word_1_298' title='bbox 1493 2991 1585 3054; x_wconf 83' lang='lat' dir='ltr'>egoao</span> 
     </span>
     <span class='ocr_line' id='line_1_32' title="bbox 263 3063 436 3120; baseline 0.012 -3"><span class='ocrx_word' id='word_1_299' title='bbox 263 3063 324 3120; x_wconf 88' lang='lat' dir='ltr'>volo</span> <span class='ocrx_word' id='word_1_300' title='bbox 347 3065 436 3119; x_wconf 87' lang='lat' dir='ltr'>etianr.</span> 
     </span>
    </p>

    <p class='ocr_par' dir='ltr' id='par_1_14' title="bbox 264 3148 1549 3309">
     <span class='ocr_line' id='line_1_33' title="bbox 326 3148 1549 3226; baseline 0.003 -22"><span class='ocrx_word' id='word_1_301' title='bbox 326 3149 422 3205; x_wconf 80' lang='lat' dir='ltr'>Puer.</span> <span class='ocrx_word' id='word_1_302' title='bbox 459 3149 491 3207; x_wconf 83' lang='lat' dir='ltr'>Et</span> <span class='ocrx_word' id='word_1_303' title='bbox 513 3170 574 3207; x_wconf 87' lang='lat' dir='ltr'>erun</span> <span class='ocrx_word' id='word_1_304' title='bbox 597 3151 686 3207; x_wconf 84' lang='lat' dir='ltr'>rendit</span> <span class='ocrx_word' id='word_1_305' title='bbox 710 3159 753 3207; x_wconf 91' lang='lat' dir='ltr'>tua</span> <span class='ocrx_word' id='word_1_306' title='bbox 778 3152 943 3226; x_wconf 74' lang='lat' dir='ltr'>paternitas?</span> <span class='ocrx_word' id='word_1_307' title='bbox 976 3159 1095 3225; x_wconf 85' lang='lat' dir='ltr'>entptuni</span> <span class='ocrx_word' id='word_1_308' title='bbox 1119 3151 1259 3208; x_wconf 84' lang='lat' dir='ltr'>credebam</span> <span class='ocrx_word' id='word_1_309' title='bbox 1283 3169 1342 3207; x_wconf 88' lang='lat' dir='ltr'>esse</span> <span class='ocrx_word' id='word_1_310' title='bbox 1369 3148 1466 3212; x_wconf 86' lang='lat' dir='ltr'>semel.</span> <span class='ocrx_word' id='word_1_311' title='bbox 1498 3168 1549 3208; x_wconf 84' lang='lat' dir='ltr'>nec</span> 
     </span>
     <span class='ocr_line' id='line_1_34' title="bbox 264 3233 491 3309; baseline 0.013 -21"><span class='ocrx_word' id='word_1_312' title='bbox 264 3253 345 3309; x_wconf 89' lang='lat' dir='ltr'>posse</span> <span class='ocrx_word' id='word_1_313' title='bbox 368 3233 491 3308; x_wconf 83' lang='lat' dir='ltr'>amplius.</span> 
     </span>
    </p>

    <p class='ocr_par' dir='ltr' id='par_1_15' title="bbox 194 3320 1585 3564">
     <span class='ocr_line' id='line_1_35' title="bbox 194 3320 1548 3395; baseline -0.002 -16"><span class='ocrx_word' id='word_1_314' title='bbox 194 3338 255 3386; x_wconf 63' lang='lat' dir='ltr'>aaa.</span> <span class='ocrx_word' id='word_1_315' title='bbox 329 3320 490 3392; x_wconf 88' lang='lat' dir='ltr'>Legatos.</span> <span class='ocrx_word' id='word_1_316' title='bbox 528 3321 586 3376; x_wconf 85' lang='lat' dir='ltr'>Nou</span> <span class='ocrx_word' id='word_1_317' title='bbox 610 3322 646 3376; x_wconf 86' lang='lat' dir='ltr'>ita</span> <span class='ocrx_word' id='word_1_318' title='bbox 669 3339 721 3394; x_wconf 89' lang='lat' dir='ltr'>ego</span> <span class='ocrx_word' id='word_1_319' title='bbox 744 3322 844 3382; x_wconf 86' lang='lat' dir='ltr'>vetulo,</span> <span class='ocrx_word' id='word_1_320' title='bbox 873 3330 902 3377; x_wconf 88' lang='lat' dir='ltr'>ut</span> <span class='ocrx_word' id='word_1_321' title='bbox 931 3321 1008 3376; x_wconf 85' lang='lat' dir='ltr'>lotlas</span> <span class='ocrx_word' id='word_1_322' title='bbox 1032 3320 1076 3377; x_wconf 91' lang='lat' dir='ltr'>ille</span> <span class='ocrx_word' id='word_1_323' title='bbox 1105 3321 1184 3384; x_wconf 81' lang='lat' dir='ltr'>tillut,</span> <span class='ocrx_word' id='word_1_324' title='bbox 1213 3322 1258 3395; x_wconf 86' lang='lat' dir='ltr'>qui</span> <span class='ocrx_word' id='word_1_325' title='bbox 1289 3321 1424 3376; x_wconf 82' lang='lat' dir='ltr'>venilituur</span> <span class='ocrx_word' id='word_1_326' title='bbox 1447 3320 1479 3376; x_wconf 87' lang='lat' dir='ltr'>atl</span> <span class='ocrx_word' id='word_1_327' title='bbox 1502 3339 1548 3376; x_wconf 81' lang='lat' dir='ltr'>es·</span> 
     </span>
     <span class='ocr_line' id='line_1_36' title="bbox 264 3404 1585 3479; baseline -0.004 -17"><span class='ocrx_word' id='word_1_328' title='bbox 264 3404 435 3462; x_wconf 88' lang='lat' dir='ltr'>eruciatnbun</span> <span class='ocrx_word' id='word_1_329' title='bbox 460 3405 555 3462; x_wconf 77' lang='lat' dir='ltr'>laulaeis</span> <span class='ocrx_word' id='word_1_330' title='bbox 578 3406 700 3461; x_wconf 81' lang='lat' dir='ltr'>tratlitlit:</span> <span class='ocrx_word' id='word_1_331' title='bbox 735 3424 787 3478; x_wconf 86' lang='lat' dir='ltr'>ego</span> <span class='ocrx_word' id='word_1_332' title='bbox 811 3405 873 3462; x_wconf 92' lang='lat' dir='ltr'>licet</span> <span class='ocrx_word' id='word_1_333' title='bbox 894 3406 1020 3467; x_wconf 77' lang='lat' dir='ltr'>vertuno.</span> <span class='ocrx_word' id='word_1_334' title='bbox 1050 3406 1153 3462; x_wconf 87' lang='lat' dir='ltr'>retineo</span> <span class='ocrx_word' id='word_1_335' title='bbox 1178 3415 1280 3467; x_wconf 71' lang='lat' dir='ltr'>tanuen.</span> <span class='ocrx_word' id='word_1_336' title='bbox 1314 3407 1367 3462; x_wconf 87' lang='lat' dir='ltr'>boc</span> <span class='ocrx_word' id='word_1_337' title='bbox 1389 3405 1461 3479; x_wconf 81' lang='lat' dir='ltr'>quod</span> <span class='ocrx_word' id='word_1_338' title='bbox 1485 3406 1585 3462; x_wconf 74' lang='lat' dir='ltr'>nectas</span> 
     </span>
     <span class='ocr_line' id='line_1_37' title="bbox 263 3490 963 3564; baseline -0.001 -19"><span class='ocrx_word' id='word_1_339' title='bbox 263 3491 344 3547; x_wconf 83' lang='lat' dir='ltr'>ruoilo</span> <span class='ocrx_word' id='word_1_340' title='bbox 367 3491 447 3545; x_wconf 90' lang='lat' dir='ltr'>etiarn</span> <span class='ocrx_word' id='word_1_341' title='bbox 471 3492 528 3546; x_wconf 86' lang='lat' dir='ltr'>siue</span> <span class='ocrx_word' id='word_1_342' title='bbox 551 3491 715 3564; x_wconf 70' lang='lat' dir='ltr'>guislibertus</span> <span class='ocrx_word' id='word_1_343' title='bbox 738 3490 839 3546; x_wconf 85' lang='lat' dir='ltr'>scelere</span> <span class='ocrx_word' id='word_1_344' title='bbox 863 3499 963 3564; x_wconf 86' lang='lat' dir='ltr'>potest.</span> 
     </span>
    </p>

    <p class='ocr_par' dir='ltr' id='par_1_16' title="bbox 263 3574 1550 3819">
     <span class='ocr_line' id='line_1_38' title="bbox 326 3574 1550 3649; baseline 0.001 -19"><span class='ocrx_word' id='word_1_345' title='bbox 326 3576 345 3630; x_wconf 76' lang='lat' dir='ltr'>l&#39;</span> <span class='ocrx_word' id='word_1_346' title='bbox 355 3593 422 3629; x_wconf 90' lang='lat' dir='ltr'>uer.</span> <span class='ocrx_word' id='word_1_347' title='bbox 460 3576 569 3638; x_wconf 89' lang='lat' dir='ltr'>lliruur,</span> <span class='ocrx_word' id='word_1_348' title='bbox 593 3594 670 3649; x_wconf 85' lang='lat' dir='ltr'>qttaru</span> <span class='ocrx_word' id='word_1_349' title='bbox 694 3574 788 3632; x_wconf 83' lang='lat' dir='ltr'>rolleni</span> <span class='ocrx_word' id='word_1_350' title='bbox 811 3577 880 3631; x_wconf 81' lang='lat' dir='ltr'>iiletu</span> <span class='ocrx_word' id='word_1_351' title='bbox 903 3576 1045 3632; x_wconf 86' lang='lat' dir='ltr'>artillciuru</span> <span class='ocrx_word' id='word_1_352' title='bbox 1068 3593 1143 3631; x_wconf 88' lang='lat' dir='ltr'>rueus</span> <span class='ocrx_word' id='word_1_353' title='bbox 1167 3584 1259 3631; x_wconf 85' lang='lat' dir='ltr'>noscet</span> <span class='ocrx_word' id='word_1_354' title='bbox 1283 3577 1424 3649; x_wconf 82' lang='lat' dir='ltr'>triaigistcr‚</span> <span class='ocrx_word' id='word_1_355' title='bbox 1456 3583 1485 3631; x_wconf 86' lang='lat' dir='ltr'>ut</span> <span class='ocrx_word' id='word_1_356' title='bbox 1507 3576 1550 3631; x_wconf 80' lang='lat' dir='ltr'>tli-</span> 
     </span>
     <span class='ocr_line' id='line_1_39' title="bbox 264 3660 1548 3735; baseline 0.003 -23"><span class='ocrx_word' id='word_1_357' title='bbox 264 3661 398 3716; x_wconf 83' lang='lat' dir='ltr'>vendituut</span> <span class='ocrx_word' id='word_1_358' title='bbox 422 3678 538 3732; x_wconf 84' lang='lat' dir='ltr'>partntuu</span> <span class='ocrx_word' id='word_1_359' title='bbox 562 3661 691 3716; x_wconf 90' lang='lat' dir='ltr'>retineret</span> <span class='ocrx_word' id='word_1_360' title='bbox 713 3670 816 3716; x_wconf 87' lang='lat' dir='ltr'>tarnen:</span> <span class='ocrx_word' id='word_1_361' title='bbox 845 3660 918 3716; x_wconf 77' lang='lat' dir='ltr'>breui</span> <span class='ocrx_word' id='word_1_362' title='bbox 942 3662 1024 3717; x_wconf 75' lang='lat' dir='ltr'>orest</span> <span class='ocrx_word' id='word_1_363' title='bbox 1054 3661 1174 3716; x_wconf 89' lang='lat' dir='ltr'>vinceret</span> <span class='ocrx_word' id='word_1_364' title='bbox 1204 3679 1283 3735; x_wconf 86' lang='lat' dir='ltr'>opes,</span> <span class='ocrx_word' id='word_1_365' title='bbox 1313 3671 1413 3734; x_wconf 83' lang='lat' dir='ltr'>elego</span> <span class='ocrx_word' id='word_1_366' title='bbox 1436 3678 1548 3734; x_wconf 82' lang='lat' dir='ltr'>quoque</span> 
     </span>
     <span class='ocr_line' id='line_1_40' title="bbox 263 3744 1111 3819; baseline 0.002 -21"><span class='ocrx_word' id='word_1_367' title='bbox 263 3746 350 3802; x_wconf 82' lang='lat' dir='ltr'>Crassi</span> <span class='ocrx_word' id='word_1_368' title='bbox 373 3744 480 3799; x_wconf 83' lang='lat' dir='ltr'>‹liritias</span> <span class='ocrx_word' id='word_1_369' title='bbox 503 3745 570 3801; x_wconf 89' lang='lat' dir='ltr'>nibil</span> <span class='ocrx_word' id='word_1_370' title='bbox 593 3764 648 3819; x_wconf 79' lang='lat' dir='ltr'>praa</span> <span class='ocrx_word' id='word_1_371' title='bbox 672 3745 738 3801; x_wconf 90' lang='lat' dir='ltr'>rneis</span> <span class='ocrx_word' id='word_1_372' title='bbox 761 3747 820 3801; x_wconf 90' lang='lat' dir='ltr'>lore</span> <span class='ocrx_word' id='word_1_373' title='bbox 842 3755 918 3802; x_wconf 73' lang='lat' dir='ltr'>cerua</span> <span class='ocrx_word' id='word_1_374' title='bbox 941 3746 1111 3801; x_wconf 79' lang='lat' dir='ltr'>consulerent.</span> 
     </span>
    </p>

    <p class='ocr_par' dir='ltr' id='par_1_17' title="bbox 328 3830 1586 3904">
     <span class='ocr_line' id='line_1_41' title="bbox 328 3830 1586 3904; baseline -0.003 -19"><span class='ocrx_word' id='word_1_375' title='bbox 328 3830 489 3901; x_wconf 51' lang='lat' dir='ltr'>irrigatus.</span> <span class='ocrx_word' id='word_1_376' title='bbox 527 3830 585 3885; x_wconf 91' lang='lat' dir='ltr'>Non</span> <span class='ocrx_word' id='word_1_377' title='bbox 609 3831 696 3886; x_wconf 74' lang='lat' dir='ltr'>toninia</span> <span class='ocrx_word' id='word_1_378' title='bbox 721 3848 866 3904; x_wconf 81' lang='lat' dir='ltr'>possuntne</span> <span class='ocrx_word' id='word_1_379' title='bbox 890 3848 991 3886; x_wconf 81' lang='lat' dir='ltr'>omnes.</span> <span class='ocrx_word' id='word_1_380' title='bbox 1559 3843 1586 3883; x_wconf 76' lang='lat' dir='ltr'>iu</span> 
     </span>
    </p>

    <p class='ocr_par' dir='ltr' id='par_1_18' title="bbox 327 3915 552 3970">
     <span class='ocr_line' id='line_1_42' title="bbox 327 3915 552 3970; baseline 0 -1"><span class='ocrx_word' id='word_1_381' title='bbox 327 3915 423 3969; x_wconf 78' lang='lat' dir='ltr'>l&#39;uer.</span> <span class='ocrx_word' id='word_1_382' title='bbox 461 3915 552 3970; x_wconf 86' lang='lat' dir='ltr'>l&#39;ideo.</span> 
     </span>
    </p>

    <p class='ocr_par' dir='ltr' id='par_1_19' title="bbox 195 3998 1550 4159">
     <span class='ocr_line' id='line_1_43' title="bbox 195 3998 1550 4074; baseline 0 -18"><span class='ocrx_word' id='word_1_383' title='bbox 195 4007 254 4056; x_wconf 71' lang='lat' dir='ltr'>§.ts</span> <span class='ocrx_word' id='word_1_384' title='bbox 328 3998 454 4054; x_wconf 85' lang='lat' dir='ltr'>lleuuo.</span> <span class='ocrx_word' id='word_1_385' title='bbox 492 4000 531 4055; x_wconf 74' lang='lat' dir='ltr'>Ab</span> <span class='ocrx_word' id='word_1_386' title='bbox 555 4000 681 4055; x_wconf 88' lang='lat' dir='ltr'>roiserurn</span> <span class='ocrx_word' id='word_1_387' title='bbox 704 4018 759 4062; x_wconf 88' lang='lat' dir='ltr'>ute,</span> <span class='ocrx_word' id='word_1_388' title='bbox 784 4001 885 4056; x_wconf 88' lang='lat' dir='ltr'>utinaru</span> <span class='ocrx_word' id='word_1_389' title='bbox 908 4018 1026 4074; x_wconf 78' lang='lat' dir='ltr'>carpones</span> <span class='ocrx_word' id='word_1_390' title='bbox 1048 4000 1135 4056; x_wconf 82' lang='lat' dir='ltr'>adbuc</span> <span class='ocrx_word' id='word_1_391' title='bbox 1157 4000 1282 4055; x_wconf 83' lang='lat' dir='ltr'>baberent</span> <span class='ocrx_word' id='word_1_392' title='bbox 1306 4018 1394 4064; x_wconf 81' lang='lat' dir='ltr'>naeus,</span> <span class='ocrx_word' id='word_1_393' title='bbox 1419 4018 1468 4056; x_wconf 83' lang='lat' dir='ltr'>nec</span> <span class='ocrx_word' id='word_1_394' title='bbox 1484 4000 1550 4056; x_wconf 89' lang='lat' dir='ltr'>illos</span> 
     </span>
     <span class='ocr_line' id='line_1_44' title="bbox 265 4083 1344 4159; baseline 0 -20"><span class='ocrx_word' id='word_1_395' title='bbox 265 4083 442 4157; x_wconf 82' lang='lat' dir='ltr'>perdidissent</span> <span class='ocrx_word' id='word_1_396' title='bbox 464 4086 558 4140; x_wconf 81' lang='lat' dir='ltr'>etiam!</span> <span class='ocrx_word' id='word_1_397' title='bbox 582 4102 622 4139; x_wconf 81' lang='lat' dir='ltr'>nae</span> <span class='ocrx_word' id='word_1_398' title='bbox 646 4084 744 4140; x_wconf 84' lang='lat' dir='ltr'>inleliei</span> <span class='ocrx_word' id='word_1_399' title='bbox 768 4087 863 4159; x_wconf 76' lang='lat' dir='ltr'>spiere</span> <span class='ocrx_word' id='word_1_400' title='bbox 886 4095 977 4141; x_wconf 87' lang='lat' dir='ltr'>natrun</span> <span class='ocrx_word' id='word_1_401' title='bbox 1001 4103 1060 4141; x_wconf 86' lang='lat' dir='ltr'>esse</span> <span class='ocrx_word' id='word_1_402' title='bbox 1083 4103 1123 4141; x_wconf 89' lang='lat' dir='ltr'>rue</span> <span class='ocrx_word' id='word_1_403' title='bbox 1146 4084 1224 4159; x_wconf 88' lang='lat' dir='ltr'>plane</span> <span class='ocrx_word' id='word_1_404' title='bbox 1247 4086 1344 4140; x_wconf 81' lang='lat' dir='ltr'>scirtio.</span> 
     </span>
    </p>

    <p class='ocr_par' dir='ltr' id='par_1_20' title="bbox 328 4168 1002 4242">
     <span class='ocr_line' id='line_1_45' title="bbox 328 4168 1002 4242; baseline 0.006 -20"><span class='ocrx_word' id='word_1_405' title='bbox 328 4168 490 4240; x_wconf 86' lang='lat' dir='ltr'>Legatus.</span> <span class='ocrx_word' id='word_1_406' title='bbox 529 4169 612 4225; x_wconf 84' lang='lat' dir='ltr'>llenrl</span> <span class='ocrx_word' id='word_1_407' title='bbox 635 4187 752 4242; x_wconf 85' lang='lat' dir='ltr'>capones</span> <span class='ocrx_word' id='word_1_408' title='bbox 776 4170 868 4226; x_wconf 91' lang='lat' dir='ltr'>babuit</span> <span class='ocrx_word' id='word_1_409' title='bbox 892 4170 1002 4226; x_wconf 78' lang='lat' dir='ltr'>lleuuo‘!</span> 
     </span>
    </p>

    <p class='ocr_par' dir='ltr' id='par_1_21' title="bbox 327 4253 1589 4315">
     <span class='ocr_line' id='line_1_46' title="bbox 327 4253 1589 4315; baseline 0.001 -9"><span class='ocrx_word' id='word_1_410' title='bbox 327 4253 346 4307; x_wconf 81' lang='lat' dir='ltr'>l’</span> <span class='ocrx_word' id='word_1_411' title='bbox 356 4270 424 4307; x_wconf 89' lang='lat' dir='ltr'>uer.</span> <span class='ocrx_word' id='word_1_412' title='bbox 462 4253 574 4315; x_wconf 91' lang='lat' dir='ltr'>llabuit,</span> <span class='ocrx_word' id='word_1_413' title='bbox 598 4254 655 4309; x_wconf 88' lang='lat' dir='ltr'>beri</span> <span class='ocrx_word' id='word_1_414' title='bbox 676 4255 787 4311; x_wconf 82' lang='lat' dir='ltr'>tluruine</span> <span class='ocrx_word' id='word_1_415' title='bbox 810 4254 948 4311; x_wconf 91' lang='lat' dir='ltr'>Bartoliuo</span> <span class='ocrx_word' id='word_1_416' title='bbox 970 4255 1076 4312; x_wconf 90' lang='lat' dir='ltr'>consilii</span> <span class='ocrx_word' id='word_1_417' title='bbox 1099 4274 1177 4312; x_wconf 80' lang='lat' dir='ltr'>carrusa</span> <span class='ocrx_word' id='word_1_418' title='bbox 1200 4255 1273 4310; x_wconf 83' lang='lat' dir='ltr'>tletlit.</span> <span class='ocrx_word' id='word_1_419' title='bbox 1295 4273 1351 4311; x_wconf 82' lang='lat' dir='ltr'>eos.</span> <span class='ocrx_word' id='word_1_420' title='bbox 1563 4267 1589 4307; x_wconf 72' lang='lat' dir='ltr'>ta</span> 
     </span>
    </p>
   </div>
   <div class='ocr_carea' id='block_1_3' title="bbox 263 4433 1550 4588">
    <p class='ocr_par' dir='ltr' id='par_1_22' title="bbox 263 4433 1550 4588">
     <span class='ocr_line' id='line_1_47' title="bbox 332 4433 1550 4503; baseline 0.004 -20"><span class='ocrx_word' id='word_1_421' title='bbox 332 4434 351 4466; x_wconf 77' lang='lat'>¹⁹</span> <span class='ocrx_word' id='word_1_422' title='bbox 370 4435 412 4485; x_wconf 79' lang='lat' dir='ltr'>Cf.</span> <span class='ocrx_word' id='word_1_423' title='bbox 426 4437 450 4496; x_wconf 70' lang='lat'>§-</span> <span class='ocrx_word' id='word_1_424' title='bbox 464 4435 488 4488; x_wconf 82' lang='lat'>3.</span> <span class='ocrx_word' id='word_1_425' title='bbox 540 4433 562 4467; x_wconf 84' lang='lat'>¹²</span> <span class='ocrx_word' id='word_1_426' title='bbox 580 4434 680 4501; x_wconf 81' lang='lat' dir='ltr'>potest]</span> <span class='ocrx_word' id='word_1_427' title='bbox 700 4442 716 4486; x_wconf 82' lang='lat' dir='ltr'>t.</span> <span class='ocrx_word' id='word_1_428' title='bbox 731 4454 753 4486; x_wconf 80' lang='lat' dir='ltr'>e.</span> <span class='ocrx_word' id='word_1_429' title='bbox 773 4440 836 4487; x_wconf 76' lang='lat' dir='ltr'>altere</span> <span class='ocrx_word' id='word_1_430' title='bbox 855 4454 953 4488; x_wconf 80' lang='lat' dir='ltr'>aureos.</span> <span class='ocrx_word' id='word_1_431' title='bbox 1007 4435 1028 4468; x_wconf 80' lang='lat'>²³</span> <span class='ocrx_word' id='word_1_432' title='bbox 1049 4440 1092 4488; x_wconf 87' lang='lat' dir='ltr'>‘ne</span> <span class='ocrx_word' id='word_1_433' title='bbox 1111 4438 1206 4489; x_wconf 76' lang='lat' dir='ltr'>alerem</span> <span class='ocrx_word' id='word_1_434' title='bbox 1225 4438 1334 4503; x_wconf 86' lang='lat' dir='ltr'>quidem</span> <span class='ocrx_word' id='word_1_435' title='bbox 1352 4437 1396 4487; x_wconf 84' lang='lat' dir='ltr'>vel</span> <span class='ocrx_word' id='word_1_436' title='bbox 1417 4438 1550 4488; x_wconf 85' lang='lat' dir='ltr'>Rhenen·</span> 
     </span>
     <span class='ocr_line' id='line_1_48' title="bbox 263 4520 1549 4588; baseline 0.003 -18"><span class='ocrx_word' id='word_1_437' title='bbox 263 4536 307 4570; x_wconf 84' lang='lat' dir='ltr'>ses</span> <span class='ocrx_word' id='word_1_438' title='bbox 327 4520 442 4571; x_wconf 88' lang='lat' dir='ltr'>florenos</span> <span class='ocrx_word' id='word_1_439' title='bbox 461 4537 559 4571; x_wconf 83' lang='lat' dir='ltr'>atrreos</span> <span class='ocrx_word' id='word_1_440' title='bbox 577 4522 642 4570; x_wconf 69' lang='lat' dir='ltr'>«lure</span> <span class='ocrx_word' id='word_1_441' title='bbox 662 4523 769 4587; x_wconf 73' lang='lat' dir='ltr'>poterit*</span> <span class='ocrx_word' id='word_1_442' title='bbox 789 4526 953 4587; x_wconf 83' lang='lat' dir='ltr'>interpretor.</span> <span class='ocrx_word' id='word_1_443' title='bbox 1001 4521 1021 4554; x_wconf 82' lang='lat'>³¹</span> <span class='ocrx_word' id='word_1_444' title='bbox 1042 4523 1167 4573; x_wconf 78' lang='lat' dir='ltr'>Claristns</span> <span class='ocrx_word' id='word_1_445' title='bbox 1186 4525 1245 4588; x_wconf 89' lang='lat' dir='ltr'>ipse</span> <span class='ocrx_word' id='word_1_446' title='bbox 1264 4526 1293 4573; x_wconf 89' lang='lat' dir='ltr'>in</span> <span class='ocrx_word' id='word_1_447' title='bbox 1311 4528 1450 4588; x_wconf 82' lang='lat' dir='ltr'>potestate</span> <span class='ocrx_word' id='word_1_448' title='bbox 1470 4523 1549 4588; x_wconf 82' lang='lat' dir='ltr'>lega·</span> 
     </span>
    </p>
   </div>
   <div class='ocr_carea' id='block_1_4' title="bbox 260 4605 1549 4744">
    <p class='ocr_par' dir='ltr' id='par_1_23' title="bbox 260 4605 1549 4744">
     <span class='ocr_line' id='line_1_49' title="bbox 260 4605 1549 4673; baseline 0.002 -18"><span class='ocrx_word' id='word_1_449' title='bbox 260 4610 372 4655; x_wconf 67' lang='lat' dir='ltr'>tornioni</span> <span class='ocrx_word' id='word_1_450' title='bbox 428 4605 484 4637; x_wconf 59' lang='grc' dir='ltr'><em>Μ</em></span> <span class='ocrx_word' id='word_1_451' title='bbox 503 4605 687 4655; x_wconf 81' lang='lat' dir='ltr'>cxcrutitidum</span> <span class='ocrx_word' id='word_1_452' title='bbox 706 4610 729 4655; x_wconf 86' lang='lat'>1.</span> <span class='ocrx_word' id='word_1_453' title='bbox 794 4606 939 4656; x_wconf 73' lang='lat' dir='ltr'>³⁸noscot.</span> <span class='ocrx_word' id='word_1_454' title='bbox 960 4612 985 4657; x_wconf 82' lang='lat'>3.</span> <span class='ocrx_word' id='word_1_455' title='bbox 1050 4605 1069 4639; x_wconf 79' lang='lat'>⁴¹</span> <span class='ocrx_word' id='word_1_456' title='bbox 1090 4609 1149 4658; x_wconf 80' lang='lat' dir='ltr'>Non</span> <span class='ocrx_word' id='word_1_457' title='bbox 1168 4609 1259 4658; x_wconf 83' lang='lat' dir='ltr'>ornnio</span> <span class='ocrx_word' id='word_1_458' title='bbox 1278 4625 1303 4673; x_wconf 92' lang='lat' dir='ltr'>p.</span> <span class='ocrx_word' id='word_1_459' title='bbox 1318 4606 1353 4673; x_wconf 79' lang='grc'>0.]</span> <span class='ocrx_word' id='word_1_460' title='bbox 1372 4607 1478 4671; x_wconf 83' lang='lat' dir='ltr'>Vergil.</span> <span class='ocrx_word' id='word_1_461' title='bbox 1494 4608 1549 4659; x_wconf 84' lang='lat' dir='ltr'>ecl.</span> 
     </span>
     <span class='ocr_line' id='line_1_50' title="bbox 260 4687 824 4744; baseline 0.005 -8"><span class='ocrx_word' id='word_1_462' title='bbox 260 4689 335 4744; x_wconf 84' lang='lat' dir='ltr'>VIII.</span> <span class='ocrx_word' id='word_1_463' title='bbox 349 4689 390 4740; x_wconf 74' lang='lat'>63.</span> <span class='ocrx_word' id='word_1_464' title='bbox 442 4687 464 4722; x_wconf 82' lang='lat'>⁴⁴</span> <span class='ocrx_word' id='word_1_465' title='bbox 482 4691 571 4740; x_wconf 71' lang='lat' dir='ltr'>sillero</span> <span class='ocrx_word' id='word_1_466' title='bbox 592 4694 616 4740; x_wconf 85' lang='grc'>3.</span> <span class='ocrx_word' id='word_1_467' title='bbox 677 4690 699 4721; x_wconf 75' lang='lat'>⁴⁵</span> <span class='ocrx_word' id='word_1_468' title='bbox 717 4692 784 4741; x_wconf 77' lang='lat' dir='ltr'>lateri</span> <span class='ocrx_word' id='word_1_469' title='bbox 804 4694 824 4740; x_wconf 83' lang='lat' dir='ltr'>l.</span> 
     </span>
    </p>
   </div>
   <div class='ocr_carea' id='block_1_5' title="bbox 0 0 1699 5370">
    <p class='ocr_par' dir='ltr' id='par_1_24' title="bbox 0 0 1699 5370">
     <span class='ocr_line' id='line_1_51' title="bbox 0 0 1699 5370; baseline 0 0"><span class='ocrx_word' id='word_1_470' title='bbox 0 0 1699 5370; x_wconf 95' lang='lat' dir='ltr'> </span> 
     </span>
    </p>
   </div>
  </div>
 </body>
</html>
