3382 5370
266 345 339 416 ‘llll
467 358 526 409 ΧΗ.
597 373 740 408 eruimus.
810 373 1143 408 omnonrsnvrrnurcvs
1167 358 1340 422 (roseumve).

266 538 406 609 tempora.
445 546 610 609 quanquam
633 528 656 588 si
680 527 851 588 recordatus
874 527 992 588 fuissem
1016 525 1093 605 quod
1115 545 1192 587 nnnc
1208 527 1315 604 redigis
1331 530 1360 587 iu
1377 529 1547 589 memoriam

266 633 351 703 milri,
375 650 523 692 vocassem
547 630 624 691 ultro
647 637 675 690 et
698 650 764 691 cum
787 630 850 690 aliis
872 629 1055 690 audivissem.

210 742 254 789 tt·
329 755 486 796 numurus.
523 734 559 794 Et
587 752 644 792 non
674 731 774 793 erudies
804 749 896 801 nunc,
931 733 1073 792 revocatis
1102 732 1160 792 linc
1189 731 1225 792 de
1253 731 1360 810 ‹pribns
1387 751 1482 811 nuper
1505 734 1548 793 iu·

265 836 385 897 dicasti?

330 957 434 999 ursos.
473 937 546 1008 Ouid
571 938 599 998 ni
622 937 755 996 audiam?
787 938 912 996 Accerse
942 936 999 995 huc
1025 937 1061 996 od
1090 954 1144 996 nos
1166 937 1374 1015 Imperatores,
1408 937 1568 1005 llere-urim

266 1043 317 1118 qui
339 1040 375 1100 tle
398 1042 562 1116 prestantia
585 1042 614 1100 in
638 1059 670 1100 re
693 1037 810 1098 militari
831 1045 859 1098 et
881 1036 983 1098 bellica
1007 1036 1222 1098 contenderunt
1249 1057 1358 1117 paucos
1385 1047 1451 1100 ante
1474 1039 1545 1100 dieo.

329 1161 514 1203 uerrcvnrvs.
552 1141 635 1202 Trois
657 1140 737 1202 illos?
760 1142 893 1209 memiui;
917 1159 954 1200 en
976 1140 1090 1200 adsunt.

212 1253 257 1302 ts.
332 1264 437 1305 umus.
475 1243 528 1303 llio
556 1242 604 1303 ille
632 1250 690 1311 est,
725 1242 841 1320 optimi,
873 1250 956 1302 vetus
977 1243 1189 1302 Gerruano'rnm
1219 1242 1276 1302 dux
1300 1243 1460 1312 Arminius,
1497 1245 1549 1322 qui

265 1365 319 1425 pro
342 1346 475 1406 libertate
498 1364 564 1405 cum
587 1345 726 1405 Romanis
749 1344 869 1403 certarit
890 1343 959 1404 olim
982 1352 1011 1404 et
1039 1345 1118 1412 ricit,
1153 1363 1279 1422 rumque
1309 1363 1359 1404 vos
1386 1345 1484 1406 audiat
1511 1345 1548 1406 dc

266 1447 451 1527 imperatoris
480 1448 644 1527 praestantia
673 1445 857 1506 contendisse
885 1464 919 1505 ac
947 1447 1120 1506 sententiam
1144 1465 1289 1525 easuper
1312 1447 1465 1507 retulisse
1489 1467 1546 1515 me,
1560 1459 1583 1498 ¹⁰

266 1551 383 1627 indigne
405 1552 510 1610 asserit
531 1568 562 1608 se
585 1551 766 1627 praeteritum
788 1547 845 1608 ini:
876 1547 965 1608 habet
987 1547 1064 1606 enim
1087 1566 1152 1624 qnae
1175 1567 1241 1608 cum
1269 1548 1385 1619 afferet,
1414 1557 1548 1610 ostensu·

266 1670 332 1712 rum
354 1670 385 1712 se
408 1659 491 1729 [lutat
511 1650 657 1711 neminem
680 1651 788 1711 rectius
811 1650 886 1710 hanc
908 1650 944 1710 ad
966 1647 1091 1728 palmam
1115 1651 1277 1728 [oorvenirc.

209 1755 255 1805 Μ·
329 1774 523 1815 annxaunnn.
560 1752 650 1831 lgitnr
673 1752 757 1813 dicat.
791 1765 804 1775 ’·

328 1876 440 1939 semro.
478 1853 576 1915 Valde.

326 1978 468 2018 anninus.
507 1957 588 2018 llanil
611 1975 721 2017 moror.
1560 1969 1583 2008 n

326 2080 431 2121 anuos.
468 2059 533 2128 llic,
557 2059 677 2119 Armini.

327 2181 484 2222 annrmvs.
523 2162 608 2222 Prius
630 2163 692 2221 sisti
715 2160 799 2222 velim
822 2161 879 2221 lmo
902 2159 1035 2220 Tacitum
1058 2178 1091 2220 ex
1116 2159 1196 2219 ltalia
1219 2159 1380 2240 qrteodam,
1404 2169 1435 2221 nt
1457 2163 1481 2222 is
1503 2161 1548 2222 di·

264 2272 310 2323 cat
332 2264 400 2342 qiud
424 2263 493 2323 mihi
516 2263 651 2323 tribuerit
671 2264 700 2322 in
723 2263 851 2323 historia.

326 2385 431 2427 nenos.
468 2364 561 2425 Etiam
584 2366 680 2442 ipsum
704 2383 790 2433 voca,
814 2363 951 2425 Mercuri.

327 2486 512 2529 unncvmvs.
548 2466 612 2527 Huc
635 2474 676 2533 te,
699 2465 813 2536 Tacite,
838 2465 895 2526 lmc
918 2474 959 2536 te,
983 2466 1041 2526 lure
1063 2465 1099 2525 ad
1122 2484 1184 2536 nie,
1209 2474 1240 2525 nt
1262 2466 1391 2545 loquaris
1413 2468 1583 2528 rannerntu

266 2570 376 2631 Eccum
398 2569 555 2628 hominem.

208 2654 257 2729 lt.
329 2690 487 2733 annmrvs.
524 2671 629 2749 Operae
650 2671 777 2750 pretium
800 2677 857 2737 cst,
887 2688 904 2728 o
928 2669 1013 2739 ltale,
1038 2669 1163 2748 elogium
1186 2669 1257 2731 illud
1279 2689 1393 2741 meum,
1417 2672 1497 2750 quod
1518 2672 1547 2732 in

264 2775 394 2837 historiis
415 2773 473 2833 tuis
495 2780 555 2850 est,
578 2773 702 2833 recitare
725 2772 771 2831 nic
795 2780 832 2831 te.

328 2856 470 2938 cccmus.
508 2874 550 2934 Eo
567 2873 647 2943 loco,
665 2873 715 2934 ubi
734 2874 770 2934 de
783 2875 900 2934 interitu
918 2892 1035 2953 quoque
1052 2882 1102 2934 tuo
1119 2882 1377 2935 coumromoratnm
1394 2893 1409 2934 a
1425 2894 1471 2935 me
1487 2878 1548 2935 est?

326 2996 484 3040 nummus,
522 2975 564 3037 Eo
585 2977 658 3055 ipso.
1555 2992 1584 3031 es

327 3099 468 3140 rncrrvs.
507 3080 660 3140 ‘Castorum
682 3077 844 3147 Arminium
874 3077 1099 3138 abscedentibus
1120 3078 1259 3138 Romanis
1287 3085 1316 3137 et
1343 3077 1427 3157 pulso
1450 3080 1547 3140 llaro·

263 3182 372 3244 ‘boduo
394 3199 518 3259 regnum
541 3182 679 3243 arrectus
700 3178 864 3243 libertatem
887 3178 1073 3260 popularium
1102 3181 1252 3241 adversam
1280 3179 1396 3250 irabuit,
1426 3183 1548 3260 petitus-

264 3298 331 3364 ‘que
354 3283 443 3344 armis
465 3301 531 3343 cum
556 3283 633 3343 varia
655 3282 772 3343 lortuna
795 3289 937 3351 certaret,
967 3281 1034 3342 dolo
1056 3284 1291 3361 propinquorum
1320 3282 1438 3351 cecidit,
1473 3282 1548 3345 lihe-

263 3391 355 3446 ‘cator
377 3384 454 3444 haud
477 3383 566 3445 dubie
589 3385 767 3454 Gerrnaniae,
791 3386 891 3463 etqui
914 3402 973 3443 uon
995 3385 1158 3462 primordia
1182 3383 1280 3462 populi
1303 3383 1442 3453 Romani,
1471 3386 1548 3445 sicut

264 3487 320 3548 'olii
343 3504 428 3563 roges
450 3487 613 3565 ducesque,
636 3487 686 3548 sed
710 3486 946 3548 florentissimum
970 3487 1124 3566 imperinm
1153 3486 1326 3554 lacessierit,
1356 3485 1462 3564 prrmliis
1485 3501 1585 3547 am-ao

264 3589 395 3667 ‘lignus
417 3587 495 3649 bello
518 3606 575 3649 non
599 3589 700 3649 rictus.
745 3588 862 3667 Septem
886 3595 916 3649 ct
937 3588 1052 3667 triginta
1076 3607 1168 3648 asinos
1197 3589 1274 3656 ritae,
1309 3587 1463 3648 duodecim
1495 3608 1548 3668 po·

265 3692 372 3753 ‘tentiae
395 3689 533 3771 explevit;
557 3693 728 3770 caniturque
751 3691 846 3752 adhuc
868 3689 1009 3751 barlraros
1031 3692 1107 3769 apud
1130 3697 1246 3766 gentes,
1270 3692 1440 3750 Graecorum
1457 3709 1549 3751 atiria-

264 3793 350 3854 ‘lilrus
373 3795 505 3869 ignotus,
534 3795 656 3872 quisue
680 3801 791 3853 teritum
815 3794 974 3862 mirmrtur,
1004 3792 1143 3853 llomonis
1166 3793 1242 3853 hand
1266 3793 1388 3870 perinde
1410 3792 1548 3863 celebris,

264 3897 344 3957 ‘dum
368 3902 464 3954 vetera
488 3893 665 3963 extollimus,
695 3894 857 3954 recentium
881 3893 1038 3954 incuriosi'

210 4009 256 4060 §.e
328 4016 488 4059 anurmvs.
525 3996 592 4055 Fuit
614 3994 736 4056 alicuius
758 3997 812 4056 iste
834 3997 864 4056 in
887 3997 941 4055 rita
966 3996 1048 4065 fidei,
1071 3995 1180 4064 Minos,
1204 4004 1233 4056 et
1256 3997 1297 4056 vir
1320 3996 1416 4057 bouus
1438 3997 1509 4057 tout
1557 4012 1584 4052 os

327 4118 432 4160 noros.
469 4098 606 4158 Proiecto
628 4096 696 4166 totu
729 4099 780 4158 sed
805 4107 834 4159 tu
857 4096 961 4158 melius
988 4099 1079 4168 nosti,
1108 4098 1251 4166 llercuri,
1283 4099 1407 4176 qualiter
1436 4101 1549 4169 vixerit,

265 4200 353 4262 coluit
375 4209 402 4260 te
426 4201 502 4260 enim
525 4198 719 4280 peculiariter.

326 4323 511 4365 unncvmvs.
551 4303 655 4361 Sancte
679 4320 761 4361 vero:
791 4321 857 4363 nam
887 4302 1026 4364 camlidns
1054 4301 1186 4380 inprimis
1213 4302 1281 4370 luit,
1317 4310 1345 4363 et
1373 4321 1430 4381 quo
1459 4321 1550 4365 nemo

330 4524 465 4587 ”cunque
481 4527 503 4572 1.
551 4519 573 4554 ¹⁰
592 4520 719 4572 retulisse
733 4525 773 4572 11.
821 4520 842 4553 ¹⁵
859 4521 1005 4572 Arminius.
1025 4524 1115 4584 llnud,
1135 4540 1231 4573 moror.
1247 4527 1286 4573 11.
1333 4521 1436 4576 ursido-
1456 4523 1549 4578 tuente

264 4610 326 4675 uidu
346 4609 457 4674 lduttttrt.
476 4622 499 4661 rt.
566 4605 587 4639 ²³
606 4605 738 4673 historiis]
757 4608 775 4656 i.
791 4623 814 4655 o.
828 4607 927 4656 Animi.
940 4608 976 4657 11.
987 4607 1029 4658 88.
1087 4608 1108 4639 ³⁷
1128 4609 1170 4658 (Ὺ.
1184 4609 1252 4658 'Pac
1267 4610 1357 4658 Germ.
1370 4608 1395 4658 ll.
1416 4609 1552 4672 „deorum

264 4698 382 4747 maxime
400 4694 564 4747 Mercurium
584 4693 702 4743 colunt''.
723 4692 776 4742 rid.
792 4693 874 4742 etium
894 4693 962 4745 Anu.
977 4693 1051 4742 Xlll.
1066 4693 1107 4743 57.
