3382 5370
212 340 285 412 592
651 370 768 406 11111361
787 370 1057 405 ΡΙΙΥΜΙΠῘΙΙΙΕΙ.

143 532 202 583 t».
275 529 372 585 ftixit
399 527 615 603 Pasquifius.
652 529 718 585 Cum
748 547 836 602 nuper
867 529 936 584 cfam
966 529 1076 585 fiomam
1109 529 1219 584 fuissem
1249 530 1395 603 ingressus
1426 547 1514 603 pere·

208 618 289 690 prino
322 614 431 675 iiafiitn,
464 614 593 687 ‹praefriga
625 614 773 670 uehebatur
805 614 928 671 Pontifex
956 614 989 669 ad
1019 632 1142 688 eampum
1169 614 1292 670 ifartium
1319 615 1513 671 comburendi

209 718 290 756 musa
313 699 399 756 fibros
419 700 541 754 dmtoris
571 699 676 754 dfartiui
698 709 726 756 et
756 698 829 756 iilius
857 701 1012 771 imaginem:
1040 717 1133 754 rerum
1159 717 1220 755 euru
1246 701 1280 755 de
1308 718 1388 755 more
1421 698 1510 755 seffet

208 785 386 846 noscentem,
414 802 535 858 piraeeeps
558 783 658 840 iaiiitur
679 802 842 857 nasumque.
870 786 917 858 qui
941 784 978 839 iffi
1002 785 1122 839 afuneus
1143 794 1185 839 est
1207 803 1237 840 ac
1266 784 1444 858 praefongus.
1478 793 1509 839 et

210 869 313 927 ruitum
337 871 364 925 in
387 879 448 925 rota
480 870 605 942 impegit:
636 869 705 924 iuina
729 869 852 929 fortuna.
881 888 942 924 eum
970 871 1101 924 ceruicem
1129 869 1254 941 frangere
1282 869 1442 930 defuusset.
1474 871 1530 925 nis

209 974 224 1011 a
245 956 427 1029 stipatoribus
450 955 545 1010 fuisset
569 964 759 1028 preservatus.
803 954 867 1028 quid
889 957 911 1009 si
936 954 997 1009 ideo
1019 956 1090 1010 forte
1112 963 1294 1027 piraeserratus
1315 965 1374 1015 est.
1405 964 1436 1009 ut
1461 972 1509 1009 sa·

209 1042 265 1115 piat
289 1041 394 1096 undem
416 1059 447 1095 ao
469 1049 617 1112 recognoscat
638 1059 668 1097 se
682 1058 743 1096 esse
758 1051 942 1113 peccatorem.
963 1040 1123 1113 desinatque
1139 1039 1245 1095 tandem
1259 1038 1420 1095 dementare
1435 1040 1507 1095 Ger·

209 1134 322 1182 manos?

141 1212 201 1263 Mt·
273 1211 363 1266 ftixit
386 1209 565 1264 t'adiscus.
603 1210 745 1265 dfartinum
768 1209 914 1265 Lutfierum
938 1211 1022 1264 sirum
1045 1209 1119 1265 iifum
1148 1208 1326 1265 venerabitem
1354 1217 1384 1264 et
1408 1210 1505 1284 piissi-

210 1314 297 1356 mum.
319 1294 433 1351 aiterum
456 1304 557 1350 nostrae
579 1295 667 1350 oratis
689 1294 894 1369 Hieronymum.
918 1297 940 1350 si
964 1297 1025 1369 quis
1047 1294 1242 1355 combusserit.
1266 1295 1502 1368 quemadmodum
1514 1309 1540 1349 ιι

210 1382 299 1455 ignem
322 1381 372 1436 sitii
395 1381 532 1436 minantur
553 1380 750 1441 Roiuaneuses.
773 1398 852 1436 nemo
875 1381 926 1436 huc
949 1381 1029 1436 faciet
1051 1380 1103 1435 uisi
1127 1381 1255 1435 haeretici.

140 1472 201 1522 i-tt.
274 1467 362 1521 fiirit
384 1465 595 1537 f'asquiifus.
633 1465 726 1520 ‚tuditi
755 1466 805 1521 froc
837 1484 907 1521 anuo
935 1468 1156 1522 concionatorem
1186 1465 1321 1538 impendio
1344 1464 1501 1538 loquacem.

209 1551 255 1605 sed
280 1552 432 1611 indoctum.
462 1552 507 1623 qui
538 1550 643 1605 riumuit
671 1548 799 1624 piebem.
829 1569 884 1624 quo
914 1560 1005 1605 cai-eat
1034 1569 1048 1605 a
1077 1550 1194 1605 lectione
1215 1550 1348 1605 filtrorum
1373 1550 1501 1611 Lutiieri.

209 1637 281 1710 quisid
305 1636 388 1693 muita
411 1636 465 1690 siut
495 1636 521 1690 in
551 1634 605 1690 iilis
628 1637 727 1690 acriter
747 1645 775 1690 et
798 1635 936 1691 hostiliter
962 1637 1033 1691 dicta
1063 1636 1089 1691 in
1111 1634 1277 1690 Pontificem.
1322 1635 1375 1691 fior
1405 1644 1500 1691 autem

208 1739 262 1776 non
284 1722 364 1783 dixit,
394 1722 456 1794 quia
483 1720 514 1775 ad
537 1738 598 1775 cum
620 1718 722 1792 ahquid
744 1722 893 1794 pertineret
913 1722 947 1775 de
969 1720 1108 1775 animabus
1131 1720 1279 1780 domandis.
1309 1739 1377 1794 quas
1400 1722 1538 1794 potiusta

208 1805 310 1862 satiare
332 1805 462 1861 debuerat
484 1822 533 1878 per
554 1806 704 1860 dimtriuam
727 1805 852 1865 Lutheri.
881 1807 927 1861 sed
956 1806 1018 1879 quia
1046 1808 1104 1879 ipse
1131 1813 1269 1861 scortator
1295 1815 1337 1860 est
1362 1808 1499 1861 maximus

208 1900 235 1947 et
257 1892 431 1952 flurtisanum
461 1891 520 1946 ideo
549 1907 582 1945 ne
611 1890 676 1963 quid
704 1890 756 1945 sitii
784 1891 981 1946 diminueretur
1001 1891 1034 1945 de
1057 1890 1199 1963 stipendiis
1222 1890 1252 1945 ad
1275 1889 1370 1945 alenda
1394 1901 1498 1952 scorta.

207 1977 239 2031 ad
262 1976 431 2032 stottoraodas
454 1976 585 2048 virgines,
609 1993 640 2031 ea
661 1976 743 2030 dixit:
766 1993 826 2031 nam
848 1977 881 2031 de
902 1976 1025 2030 ‹to-trina
1048 1993 1112 2030 sana
1136 1983 1164 2029 ut
1188 1973 1259 2030 iiiam
1281 1984 1387 2030 astruat
1402 1987 1432 2031 et
1448 1977 1500 2031 iiu-

206 2070 280 2121 ueat,
308 2061 448 2135 quomodo
475 2068 567 2133 potest
596 2061 632 2116 ita
662 2078 851 2134 propugnare.
882 2062 916 2115 ita
940 2061 1071 2122 insanire.
1105 2078 1165 2116 cum
1189 2059 1254 2114 nifiif
1284 2078 1402 2133 uuquam
1434 2062 1499 2116 atti·

208 2146 279 2219 gerit
307 2147 438 2202 firmarum
466 2144 621 2212 literarum,
650 2144 716 2200 nifiif
746 2163 863 2219 unquam
886 2154 986 2219 proter
1009 2147 1119 2201 Sciitiim
1141 2145 1281 2206 didicerit.
1312 2144 1436 2218 alioqui.
1467 2154 1536 2200 utan

207 2232 298 2285 canteri
328 2231 473 2306 sophistae,
502 2229 722 2304 loquacissimus.
754 2231 968 2291 imioctissimus,
999 2230 1220 2290 barfnrissimus.
1248 2238 1276 2285 et
1305 2231 1418 2303 ingenio
1448 2231 1497 2286 de·

208 2316 338 2371 stitutus?

140 2393 197 2442 Μ·
270 2401 365 2457 ltirit
388 2400 564 2457 t'adiseus.
602 2400 795 2457 tfoscaiienses
825 2419 907 2474 quum
937 2398 1035 2456 velient
1062 2401 1094 2456 ad
1117 2400 1261 2456 Ecclesiam
1290 2400 1378 2455 redire
1410 2409 1497 2474 atque

208 2485 313 2559 legatos
341 2504 408 2542 suos
437 2486 574 2541 misissent
597 2486 706 2542 ftomam
735 2493 859 2560 petentes
888 2486 966 2541 utin
990 2484 1115 2542 Feefesiae
1137 2486 1269 2557 gremium
1294 2485 1495 2559 reciperentur.

207 2572 343 2628 Romanus
365 2571 486 2645 pontifex
509 2589 559 2644 pro
583 2571 779 2631 inobedientia,
808 2571 878 2645 quod
903 2589 932 2626 se
954 2588 1088 2626 summum
1111 2588 1141 2625 ae
1164 2571 1305 2627 niaximum
1329 2587 1384 2625 nou
1406 2588 1532 2644 agno-ea

207 2658 321 2719 iissent,
355 2658 512 2712 aiitirassent
545 2654 712 2729 pontificem,
746 2656 831 2712 octies
857 2664 964 2711 centum
993 2655 1066 2711 mifiu
1094 2656 1254 2711 «irritatorum
1286 2656 1373 2729 petiit.
1419 2656 1495 2729 quud

206 2761 266 2797 oum
289 2741 328 2796 iifi
352 2742 504 2801 audissent.
528 2741 623 2795 ‘Tanti'
647 2741 773 2815 inquiunt
797 2740 931 2796 ἰιιιΙιιιιιιικ1
954 2759 1005 2796 nos
1027 2758 1115 2796 emere
1138 2741 1282 2796 unionem?
1326 2740 1362 2795 tte
1383 2739 1496 2796 Buemis

206 2829 299 2883 nescio
321 2827 384 2901 quid
408 2824 496 2881 simite
518 2834 606 2882 actum
628 2835 684 2886 est.
708 2843 823 2899 ιμιιιιιιιιι
847 2827 983 2899 principes
1005 2826 1037 2880 ad
1060 2825 1112 2881 froc
1134 2833 1280 2884 conantur.
1304 2833 1334 2881 ut
1349 2825 1380 2880 ad
1398 2842 1496 2882 uerum

206 2912 316 2968 redeant
339 2911 587 2967 tifiristianismum:
610 2919 713 2966 tantum
736 2911 769 2967 du
792 2910 871 2966 ironis
893 2911 1085 2967 ecciesiasticis
1101 2911 1187 2967 adhuc
1202 2911 1306 2984 agitur.
1329 2909 1406 2966 etde
1421 2910 1497 2967 Pun-

206 2996 290 3057 tifieo.
313 3015 392 3070 quem
414 2995 512 3052 uofunt
533 2995 646 3053 adorare
668 3013 719 3069 pro
741 2996 802 3051 ileo.
1504 3010 1533 3052 aa

138 3074 197 3127 Ν·
268 3083 363 3138 Ιιιιίι
386 3080 596 3155 Pasquiilus.
633 3081 728 3137 Audivi
758 3081 792 3137 ab
819 3081 934 3138 inductis
962 3080 1122 3155 quibusdam
1151 3079 1303 3140 monachis.
1333 3079 1495 3154 (inquibus

205 3186 260 3224 non
282 3175 389 3223 constat
411 3184 445 3221 an
469 3166 634 3222 indoctiores
656 3167 711 3222 sint
739 3184 772 3222 au
801 3165 1004 3227 sceleratiores.
1034 3166 1105 3240 quud
1129 3165 1259 3221 ifartiuus
1280 3164 1418 3221 Lutherus
1442 3166 1496 3222 iio·

205 3254 345 3309 fremormu
367 3268 489 3307 errorem
512 3251 645 3307 induxerit
675 3252 700 3307 in
724 3251 906 3312 Germaniam.
936 3270 996 3307 ιιιιιι
1026 3269 1116 3307 revera
1149 3250 1186 3306 itii
1216 3250 1341 3307 omnifius
1362 3249 1495 3306 Boftemis

205 3339 260 3394 sint
282 3338 407 3411 peiores:
438 3355 491 3393 uun
522 3335 649 3392 obstante
677 3338 761 3398 euim.
791 3337 863 3410 quod
891 3338 946 3392 reri
974 3337 1096 3392 mimachi
1126 3353 1179 3391 non
1208 3345 1288 3397 suot,
1318 3335 1365 3392 sed
1387 3334 1494 3408 gulosi,

204 3422 314 3484 lubrici.
337 3423 426 3498 impii,
450 3421 564 3482 indocti.
593 3422 710 3497 adiposi,
741 3422 849 3496 pietatis
871 3422 1071 3482 destructores,
1100 3422 1179 3476 etimu
1203 3421 1301 3495 spurii,
1329 3421 1532 3494 proditores&

204 3526 331 3569 siiiirum,
355 3517 382 3563 ct
404 3506 584 3564 confessionis
607 3506 849 3563 intemeratissimae
872 3525 901 3562 oc
924 3506 1111 3562 sacratissime
1134 3506 1312 3567 revelatures.
1337 3505 1402 3560 facti
1425 3516 1495 3562 sunt

204 3595 284 3650 etiam
308 3593 409 3649 imfices
431 3593 627 3663 cogitationum
650 3593 812 3654 alienarum,
842 3599 869 3647 et
896 3593 1027 3648 festucam
1056 3592 1149 3649 uident
1174 3593 1200 3647 iu
1231 3590 1310 3647 ocufo
1343 3591 1393 3646 riri
1417 3591 1496 3648 chri·

205 3677 378 3740 alienissimi,
401 3685 428 3732 et
450 3695 513 3733 suas
535 3677 662 3733 iooionas
686 3677 776 3734 trabes
798 3693 852 3733 uun
874 3678 973 3733 vident.

137 3753 196 3805 2³⁵·
270 3764 360 3819 tttxtt
383 3762 560 3819 Vadiscus.
597 3761 735 3819 Maximum
758 3772 945 3833 urmimeutum
968 3770 1023 3825 est,
1052 3761 1192 3835 probatum
1220 3761 1370 3817 doctrinam
1393 3761 1497 3818 doctu·

205 3849 243 3904 ris
266 3848 371 3903 ifartiui
395 3847 521 3909 Lutfieri,
549 3848 620 3921 quud
644 3850 829 3921 Augustenses
853 3848 902 3903 iam
925 3849 995 3903 duos
1017 3846 1058 3902 vel
1082 3856 1136 3903 tres·
1158 3847 1314 3902 deiecerunt
1337 3844 1370 3902 aii
1393 3845 1533 3903 officium

204 3933 364 4009 priedicumfi
388 3931 511 4006 publico,
540 3932 612 4007 quud
635 3931 754 3988 Lutheru
782 3950 836 3988 non
860 3934 993 3993 faverent.
1022 3932 1156 3988 L'rlinnum
1178 3931 1303 4004 Regium.
1331 3932 1419 3987 virum
1441 3932 1497 3989 ‹iu-

202 4019 368 4079 missionum,
396 4018 508 4073 maximo
538 4017 650 4091 pecunia
679 4018 866 4074 conduxerunt
889 4019 934 4091 qui
959 4017 1013 4073 iliis
1036 4018 1186 4091 sinceriter
1207 4016 1353 4072 annunciet
1375 4015 1496 4075 verbum

202 4105 245 4160 dei
268 4103 414 4160 secuudum
437 4103 622 4159 institutiones
645 4103 769 4159 Lutiteri:
800 4103 936 4177 quomodo
965 4103 1021 4159 fieri
1052 4110 1157 4176 potest.
1187 4111 1218 4157 ut
1245 4101 1339 4159 civitas
1367 4110 1423 4158 tam
1445 4121 1497 4160 su·

269 4371 357 4423 ¹Nou
377 4373 487 4423 memini
505 4370 576 4422 hunc
596 4386 688 4421 cautim
708 4371 775 4422 aiibi
796 4376 935 4421 uurrutum
953 4388 995 4420 me
1016 4370 1116 4435 legere.
1170 4370 1293 4435 ‘sapiat
1312 4373 1335 4417 1.
1395 4370 1497 4437 'pee-

203 4474 295 4509 cnrom
315 4462 338 4509 f.
397 4457 418 4490 ¹⁰
440 4455 503 4521 iiiiii]
528 4457 563 4506 oi.
632 4454 655 4488 η
678 4456 849 4507 Ctttotteni
875 4457 936 4519 (stop
957 4457 1008 4505 uod
1028 4472 1139 4505 uoroion.
1159 4453 1326 4516 indii-‘dnum
1397 4452 1422 4486 ⁸⁷
1448 4457 1498 4508 Cf.

202 4542 411 4594 Marruvium
474 4541 496 4573 ³⁹
514 4542 653 4591 liriiunum
674 4543 787 4607 itegium
807 4542 957 4606 Augustam
976 4540 1010 4589 nd
1029 4556 1058 4589 sc
1078 4539 1226 4590 accersivit
1244 4539 1392 4602 episcopus
1412 4539 1499 4593 Chri-

201 4628 345 4694 ttopiiurnu
360 4643 380 4689 n
398 4627 528 4677 studione
549 4644 574 4677 n.
596 4625 669 4677 1520.
