3382 5370
183 378 300 413 nruuoot
315 378 421 414 eurrtttt
435 378 690 415 ressurrecturum.
711 360 755 429 [5.]
774 377 1016 413 srorttruttounrn
1030 376 1142 413 vantsct
1155 378 1189 412 ΕΤ
1204 376 1361 420 rnsttuut.
1392 347 1462 418 591

185 546 267 613 parnt,
296 546 364 611 quot
386 536 464 593 lionae
488 537 545 611 spei
569 555 683 611 pueros,
715 537 823 595 Iuvenes
851 544 878 592 et
906 535 1023 609 virgines
1052 535 1164 591 mittunt
1187 535 1213 589 iu
1237 543 1376 619 tartarum.
1421 537 1466 611 qm

184 623 207 677 si
223 622 382 696 simpliciter
397 632 547 681 errassent.
570 622 687 678 luissent
701 621 783 679 smnel
799 621 845 678 dlii
861 620 1007 694 gehennam
1030 637 1100 676 ntum
1115 637 1179 675 reno
1196 620 1327 676 maiorum
1343 620 1467 695 enetnplo

184 725 267 782 pravo
291 706 385 762 imhmi
407 723 461 762 non
485 716 538 762 tami
560 716 668 781 aequant
691 725 769 781 quam
792 706 924 764 excedunt
946 706 1026 761 etiam
1049 705 1204 777 stragistros.
1227 713 1257 760 ut
1280 706 1389 762 omnino
1405 724 1467 763 vere

184 793 281 847 dixerit
303 791 394 848 Esaias
417 791 549 866 propheta
573 792 673 848 ‘Onmis
696 792 839 867 hypocrita
861 798 903 846 est
925 799 953 846 et
975 807 1104 864 nequam,
1133 799 1162 846 et
1190 789 1343 847 universnm
1373 808 1404 846 os
1426 790 1468 846 lo·

163 886 286 932 s‘cutum
309 886 350 933 est
372 875 536 932 stultitianr':
562 885 666 933 tantum
689 878 824 933 exteriora
845 892 917 932 nunc
938 875 1102 950 respiciunt,
1126 875 1152 930 id
1175 883 1217 930 est
1239 877 1413 938 ceremonias.
1437 886 1468 932 ut

185 962 325 1017 videantur
347 961 380 1016 ah
403 961 573 1023 hominihus.
603 971 634 1018 ut
662 961 715 1017 illis
745 963 899 1036 imponant.
931 968 959 1017 et
985 958 1036 1016 sub
1063 958 1157 1016 habitu
1186 958 1327 1033 religionis
1354 960 1467 1017 liberius

185 1132 262 1186 stitui
286 1150 364 1205 quam
387 1130 492 1205 publica
515 1141 614 1187 scorta.

250 1217 342 1272 ltisit
364 1216 475 1290 Pasqar
486 1217 491 1270 i
502 1216 579 1272 llos.
616 1216 763 1291 Prophetia
785 1214 932 1274 Ezechielis
954 1234 993 1271 ca.
1009 1216 1097 1288 xasiij.
1113 1216 1146 1272 de
1169 1233 1232 1289 rege
1256 1216 1318 1290 Tyri
1342 1233 1396 1272 non
1413 1225 1465 1272 tarn
1477 1218 1536 1268 §.aa

155 1302 330 1375 nuptorum
354 1301 412 1374 regi
435 1303 559 1357 convenit
582 1320 662 1376 spatam
685 1311 780 1358 nostro
795 1301 933 1362 Pontihei,
957 1301 1089 1375 siquidem
1111 1310 1140 1356 et
1163 1299 1207 1356 ille
1231 1301 1280 1356 ianr
1302 1300 1368 1356 dicit
1391 1301 1469 1357 ‘heus

188 1396 249 1459 ‘ego
272 1404 346 1448 sum
369 1396 396 1442 ct
419 1386 445 1441 in
468 1387 596 1442 cathedra
617 1387 660 1442 dei
684 1387 757 1450 sedi’.
780 1405 840 1443 enm
863 1387 900 1442 sit
922 1387 1016 1460 utique
1040 1386 1121 1442 honm
1144 1394 1172 1441 et
1195 1402 1248 1441 non
1270 1387 1351 1448 aleus.
1374 1404 1469 1459 pecea-

188 1480 280 1527 toret
303 1488 357 1526 non
379 1471 484 1527 Petrus.
529 1481 557 1528 et
579 1472 606 1527 in
629 1472 717 1528 medio
740 1471 858 1547 lapidum
882 1471 1031 1545 ignitorum
1059 1469 1218 1532 amhulavit.
1246 1471 1334 1527 dormo
1363 1472 1469 1527 inventa

186 1565 228 1612 est
251 1557 278 1611 ln
300 1573 332 1611 eo
356 1555 494 1629 iniquitas.
538 1564 566 1612 et
588 1574 655 1629 ergo
678 1557 808 1631 produxit
833 1557 923 1631 ignem
945 1557 978 1613 de
1007 1555 1076 1612 colo
1103 1555 1244 1616 (turstinus.
1276 1557 1322 1628 qni
1345 1557 1469 1612 cssrrredet

187 1658 261 1702 errari.
285 1649 312 1696 et
334 1640 442 1697 demitur
465 1642 491 1697 io
513 1643 631 1698 cinerem
653 1660 736 1716 super
758 1651 872 1704 terram,
895 1651 924 1698 et
945 1658 1038 1698 omues
1061 1641 1107 1715 qui
1129 1641 1246 1697 viderim
1267 1641 1357 1697 dicent
1379 1640 1468 1698 ‘Nthli

157 1728 287 1781 audactus
309 1743 352 1787 es.
376 1735 403 1781 et
425 1743 479 1781 non
502 1727 556 1782 eris
580 1727 606 1782 in
628 1727 808 1801 perpetuum!

250 1810 340 1865 Iliait
364 1810 540 1867 Vadiscus.
578 1811 653 1869 Sicut
674 1812 739 1868 olim
760 1812 783 1867 si
806 1813 867 1887 qms
890 1812 1005 1868 iurasset
1027 1829 1077 1886 per
1099 1810 1242 1886 templum,
1266 1809 1332 1866 nihil
1355 1820 1422 1874 erat.
1445 1812 1467 1867 si
1478 1817 1537 1867 §.aa

187 1903 277 1951 autern
300 1896 417 1952 iurasset
440 1896 465 1951 in
489 1913 555 1951 atrro
579 1895 683 1970 templi.
706 1897 813 1953 dehitor
835 1905 908 1959 erat,
931 1897 968 1952 ita
991 1904 1230 1970 quantumcunque
1252 1896 1312 1970 quis
1335 1896 1386 1953 iarn
1408 1915 1471 1971 pec·

188 1989 245 2041 cet.
269 1989 408 2054 peecatum
430 1997 484 2037 non
507 1989 563 2037 est:
587 1982 723 2043 sodomia,
747 1982 885 2044 veneficia.
909 1981 1065 2044 latrocinia,
1088 1990 1184 2055 stupra
1206 1980 1273 2037 nihil
1296 1990 1373 2045 sunt:
1397 1983 1468 2038 atsi

189 2067 250 2139 qids
273 2066 431 2139 romipetam
454 2067 617 2140 praepediat.
646 2083 679 2121 ne
701 2065 766 2122 illuc
789 2067 918 2140 importet
940 2084 1051 2128 auriam.
1075 2074 1121 2122 aut
1143 2066 1283 2122 Pontiheis
1305 2066 1398 2123 literas
1422 2066 1470 2122 lal-

155 2149 347 2210 aosihearerit.
372 2168 426 2224 quo
449 2152 537 2206 nrinus
560 2150 599 2206 iIIi
622 2150 701 2207 liceat
723 2151 851 2225 praedari,
874 2152 975 2217 iurari,
998 2168 1052 2206 non
1075 2151 1177 2225 poterit
1192 2150 1238 2207 illc
1253 2150 1356 2207 absolsi
1372 2169 1387 2207 a
1402 2170 1471 2226 quo·

189 2253 270 2308 qnam
298 2253 376 2308 quam
405 2235 438 2291 ah
465 2236 582 2310 ipsomet
604 2236 743 2293 Pontifice.
788 2237 938 2298 Omeros,
966 2254 982 2292 o
1010 2236 1171 2292 caecitatem!
1202 2253 1217 2291 o
1246 2237 1309 2293 osci
1337 2244 1365 2292 et
1387 2237 1470 2292 disces

189 2338 339 2382 rectarum.
368 2321 494 2394 quamdiu
522 2322 641 2395 patimur
671 2338 717 2377 vos
740 2330 881 2395 serpentes
903 2329 930 2377 et
952 2321 1073 2394 germina
1095 2321 1261 2394 viporarunr!
1290 2331 1470 2377 oexactores

189 2404 414 2467 ceremoniarios‚
438 2425 453 2461 o
477 2406 633 2480 patrimonii
655 2406 754 2462 Christi
776 2408 967 2481 dissipatores.
991 2407 1037 2480 qui
1060 2405 1160 2462 inundo
1183 2406 1332 2463 servientes
1353 2405 1470 2480 gloriam

189 2508 281 2546 sanam
304 2490 385 2546 liuius
407 2490 499 2547 saectdi
522 2491 660 2548 alarrntaxat
682 2492 819 2565 quaeritis!
850 2491 895 2547 ‘l'e
923 2490 1000 2546 vohis
1029 2490 1075 2565 qui
1104 2490 1240 2546 mundatis
1268 2492 1340 2564 quod
1368 2492 1471 2547 deloris

153 2584 241 2631 esest
263 2574 354 2631 calicis
376 2582 404 2632 et
426 2577 593 2650 paropsidis,
623 2578 695 2632 intus
726 2586 814 2633 autern
843 2576 917 2650 pleni
946 2576 1013 2632 estis
1035 2575 1128 2649 rapina
1150 2584 1178 2631 et
1200 2576 1380 2640 iurarundieia;
1409 2577 1470 2649 quia

190 2659 301 2716 'sitniles
324 2662 390 2716 estis
412 2660 563 2735 sepulchris
585 2660 728 2724 dealitatis,
753 2680 814 2736 qum
836 2662 920 2717 oloris
943 2669 1075 2736 apparent
1095 2660 1251 2719 hominihus
1273 2662 1409 2736 speciosa,
1433 2663 1472 2717 in-

190 2754 243 2800 ‘tns
265 2763 328 2800 voro
351 2745 429 2819 plena
452 2754 516 2802 suut
539 2745 646 2802 ossibus
668 2756 838 2803 mortuorum
860 2756 888 2802 et
911 2747 983 2803 omni
1006 2746 1145 2820 spurcitia.
1189 2746 1273 2802 oloris
1296 2747 1403 2821 quidem
1425 2764 1472 2820 ap·

191 2830 300 2903 ‘paretis
323 2830 479 2886 hominihus
503 2832 584 2894 iustI,
608 2832 682 2888 Intus
704 2842 793 2889 autern
816 2831 888 2906 pleni
911 2833 979 2888 estis
1000 2831 1139 2906 hypocrisi
1162 2839 1190 2887 et
1213 2831 1373 2905 imquitate’

253 2914 346 2971 ltirit
367 2914 578 2990 Pasquillus.
616 2918 643 2973 Si
672 2917 733 2991 lege
760 2927 901 2979 caveatur,
935 2925 966 2973 ut
994 2917 1109 2991 quilibet
1138 2916 1282 2973 confessor
1314 2917 1468 2974 didrachma
1480 2918 1539 2970 §.ts

157 2998 278 3058 sosolmt
305 3000 458 3063 confitenti,
487 3002 579 3057 statim
610 3003 731 3058 lutnrmn
759 3002 825 3065 erit.
856 3009 886 3058 ut
915 3020 994 3058 nerno
1023 3001 1198 3064 confiteatur.
1227 3002 1290 3075 quia
1317 3019 1397 3059 nemo
1420 3003 1473 3059 erit

191 3086 236 3160 qui
259 3086 350 3141 audiat
372 3086 586 3142 contessionem:
610 3095 722 3161 apparet
745 3087 828 3161 igitur
850 3095 877 3144 et
899 3087 1099 3143 confessionem
1114 3086 1215 3161 alioqui
1231 3087 1328 3143 honam
1344 3097 1372 3142 et
1387 3088 1473 3161 prohe

192 3171 342 3226 institutam
371 3172 394 3226 si
422 3179 494 3228 reete
524 3180 667 3235 tractetur,
697 3181 725 3228 et
752 3172 958 3245 praedicationes
985 3180 1013 3227 et
1041 3172 1290 3228 administrationes
1318 3170 1473 3246 aliquorum

191 3264 419 3312 sacramentorum
436 3275 489 3313 non
506 3258 556 3312 nisi
573 3266 686 3331 propter
710 3265 844 3330 quaestum
868 3257 919 3312 ianr
943 3255 1018 3318 heri,
1041 3256 1193 3330 praesertIm
1217 3276 1231 3312 a
1254 3257 1392 3330 glrovagis
1415 3275 1473 3313 mo·

193 3340 285 3396 naehis
309 3341 412 3396 ordinis
433 3341 658 3403 Praedicatornm,
683 3343 746 3416 quia
769 3342 791 3396 si
814 3358 909 3399 caseos
931 3352 958 3397 et
981 3349 1115 3415 quaestum
1138 3358 1192 3396 non
1214 3349 1401 3415 expectarent.
1425 3345 1474 3397 nri-

158 3425 264 3481 ssnime
286 3425 477 3499 praedicarent:
505 3444 555 3483 nec
581 3427 682 3482 animas
711 3434 849 3499 qumunt.
880 3427 927 3482 sed
956 3424 1075 3488 loculos.
1104 3434 1132 3482 et
1154 3426 1287 3482 Interdum
1310 3426 1392 3483 etiam
1414 3425 1474 3500 pul·

192 3509 271 3565 ehras
287 3508 422 3567 nitidiores.
466 3512 595 3567 Iturarmh
615 3511 700 3567 Itcstu
715 3514 760 3566 eiu
775 3511 876 3567 erdere
890 3512 1034 3583 gemaheh
1058 3512 1115 3567 mad
1130 3512 1187 3566 mitt
1199 3511 1293 3567 haben
1311 3509 1474 3583 detrahant

191 3596 264 3657 rem.
286 3611 317 3650 so
332 3610 383 3667 qee
404 3597 457 3652 der
472 3595 590 3668 pfqffen
613 3598 670 3651 ond
689 3598 742 3651 der
762 3597 982 3652 Irendtstrer'cder
1000 3598 1129 3668 myessip.

256 3680 344 3735 Itisit
368 3679 545 3737 Vadiseus.
582 3681 711 3737 llartinus
741 3680 889 3747 lutherus,
918 3682 958 3736 vir
985 3681 1138 3755 piissimus.
1172 3680 1246 3737 misit
1272 3680 1368 3738 falcem
1396 3693 1542 3746 suammet.

194 3764 219 3819 in
242 3782 356 3820 rrressenr
380 3765 517 3838 pontilicis
539 3767 663 3828 Ilorrmni.
693 3773 720 3823 et
749 3767 898 3822 demessuit
926 3766 977 3823 sihi
1006 3765 1139 3822 nartuhnas
1161 3765 1222 3823 illas
1244 3766 1474 3840 indulgentiarum

159 3857 222 3907 siret
245 3848 318 3904 litera
343 3850 430 3905 ursinis
453 3851 608 3925 impietatis.
632 3860 660 3907 et
682 3851 742 3907 ideo
766 3851 910 3908 haereticus
937 3860 996 3914 est:
1026 3851 1098 3926 quod
1121 3851 1143 3906 si
1167 3851 1290 3908 haeresim
1313 3854 1474 3909 astruxisset

192 3935 225 3989 de
248 3935 374 3989 sectanda
397 3935 520 3997 avaritia.
543 3936 575 3991 de
597 3935 671 3992 licita
694 3936 868 4010 possessione
891 3935 1038 3992 multorum
1062 3935 1254 3993 beneficiorum
1277 3947 1305 3993 et
1326 3939 1475 3994 eorundem

193 4019 390 4095 expiscatione,
413 4020 445 4075 de
469 4020 626 4077 adoratione
641 4020 794 4084 Pontinus,
818 4022 914 4079 luisset
935 4022 1054 4078 slonatus
1077 4021 1234 4095 quingentis
1256 4023 1346 4079 aureis
1369 4031 1396 4079 et
1420 4040 1474 4080 uno

194 4104 288 4177 qiitrgui
312 4103 455 4167 henelicis.
478 4106 550 4163 sicut
570 4105 674 4163 Eceitts.

262 4388 272 4419 ⁴
291 4390 355 4438 lsai,
370 4390 416 4439 IX.
433 4388 471 4439 17.
529 4389 540 4422 ⁷
559 4388 688 4457 vestales]
708 4406 826 4455 nonnas,
846 4390 989 4443 moniales.
1059 4390 1081 4425 ¹⁰
1098 4390 1175 4458 dicit]
1194 4391 1298 4443 Ezeeh.
1310 4393 1436 4444 XXVIII.
1449 4395 1475 4446 2.

197 4473 217 4505 ¹²
237 4473 646 4525 (tetram-thurin.Isto.
700 4476 852 4542 lapiilorum
872 4481 895 4527 1.
948 4475 1213 4530 “Ezechtstts
1272 4477 1475 4546 '‘CLEveng.

195 4559 534 4609 secundnxxtttttt.
602 4558 625 4591 ²²
643 4563 784 4623 gerdndnn
802 4561 901 4611 hlntth.
915 4561 1017 4612 XXIII.
1029 4561 1071 4614 3³.
1084 4564 1153 4613 Luc.
1166 4562 1218 4613 111.
1231 4563 1256 4613 7.
1324 4561 1346 4596 ²⁴
1368 4565 1475 4630 Eveug.

195 4643 593 4693 scansus.xx111.·2.'›...·.>s.
680 4643 702 4675 ²³
723 4646 921 4711 parupsidIst.
1001 4646 1024 4679 ⁸²
1045 4646 1277 4716 londonien-tter
1294 4651 1319 4698 1.
1386 4648 1408 4681 ³⁸
1430 4648 1475 4700 CI.

194 4728 281 4777 stare.
295 4728 341 4778 IV.
355 4728 397 4777 td.
448 4726 470 4760 ⁴³
489 4727 531 4778 cf.
545 4746 571 4795 p.
585 4727 644 4779 583.
657 4744 684 4781 tt.
695 4728 737 4780 35.
