3382 5370
189 344 255 412 [uc.
264 343 338 411 8081]
354 359 541 395 vnrnacurnrs
555 359 845 396 civ.vror.nrar.ouvs
860 361 894 395 mr
909 359 1116 395 vacvnrartnva
1129 360 1339 396 ROUAMIIISIVX·
1394 329 1466 400 503

187 520 263 577 lacob
285 521 352 577 duas
374 536 484 576 sorores
506 519 578 594 bynu
601 527 628 576 ct
643 519 755 582 bachel,
779 518 847 575 lilius
869 519 958 574 baban
980 518 1101 576 avurrculi
1129 519 1186 582 sui,
1210 521 1235 575 in
1259 519 1468 581 matrimonium.

186 607 342 662 servitutem
365 604 520 666 serviendo,
543 605 656 679 adeptus
677 613 727 660 cst.

248 692 345 746 Puer.
382 689 498 762 Expecto
522 707 650 763 quorsum
673 691 774 746 evadat.
1474 706 1535 754 §.co

249 777 409 848 Legatos.
445 775 534 847 Atque
564 775 645 830 etiam
674 775 701 831 in
731 773 835 848 legibus
864 773 976 830 llcbraeo
1005 773 1107 848 populo
1135 782 1266 831 statutum
1298 777 1401 850 lacerat,
1434 794 1468 831 uc

153 870 263 917 sestra
287 860 385 916 tribmn
409 876 507 915 orrares
529 859 671 928 ducerem,
705 859 873 915 abstinerent
895 876 958 915 vero
980 859 1088 933 penitus
1119 859 1151 915 ah
1179 859 1350 933 alienigenis,
1385 870 1467 934 atque

187 947 253 1003 adeo
269 946 353 1002 irater
376 944 476 1006 fratris.
500 944 638 1017 proximus
660 944 775 1018 proximi
799 963 889 1001 semen
913 943 1091 1007 exuscitaret;
1114 944 1139 1000 iel
1163 947 1233 1018 quod
1256 947 1289 1002 ele
1305 946 1418 1002 Thamar
1441 954 1468 1001 ct

187 1031 257 1088 llutlr
280 1029 422 1085 bloabitide
445 1029 659 1086 commendatum
681 1029 818 1085 memoriae
841 1038 890 1084 cst.
934 1027 1051 1097 Quarum
1080 1047 1170 1085 rerum
1199 1032 1318 1086 omnium
1344 1031 1392 1086 bas
1415 1049 1467 1103 ego

188 1116 236 1172 tibi
260 1115 378 1173 rationes
400 1114 493 1170 dicam.
539 1114 654 1188 primurn
677 1114 804 1188 quoniam
827 1115 863 1169 ita
888 1114 922 1169 ob
944 1113 1083 1170 hominum
1107 1115 1244 1189 penuriam
1266 1124 1325 1171 erat
1347 1133 1465 1176 neccsse.

187 1219 235 1257 nec
258 1201 348 1274 petivit
370 1198 450 1255 aliter
471 1197 541 1254 beri:
565 1199 699 1273 quomode
721 1199 792 1255 enim
814 1199 861 1254 tilii
884 1200 960 1261 Adae,
989 1199 1125 1273 quomodo
1146 1200 1242 1256 deinde
1264 1199 1311 1255 salii
1334 1209 1362 1256 et
1384 1217 1466 1274 nepo·

155 1295 230 1341 rotas
252 1285 307 1341 Noe
331 1292 405 1340 entra
427 1283 616 1356 cognationem
638 1284 762 1358 nupsisse
785 1285 953 1358 potuissent.
976 1284 1091 1340 lvumano
1113 1301 1212 1358 genere
1235 1284 1275 1340 vel
1298 1286 1399 1342 recenti
1422 1285 1466 1340 ad·

187 1371 240 1427 buc
261 1369 301 1426 vel
323 1369 413 1426 deleto
432 1368 558 1443 penitus?
581 1369 717 1442 quomodo
740 1377 834 1442 postea
857 1369 989 1425 Abrabam
1011 1377 1086 1425 extra
1108 1387 1183 1425 suam
1206 1370 1332 1443 stirpem,
1354 1370 1397 1426 cui
1414 1369 1534 1434 soliaro.

186 1457 247 1512 data
269 1453 437 1511 circumcisio
460 1461 532 1517 crat,
561 1472 621 1511 cunr
650 1462 762 1510 externo
790 1471 889 1527 genere
912 1454 970 1510 sinc
991 1453 1231 1511 cornniaculationc
1259 1456 1390 1511 iunxisset
1412 1473 1466 1511 ma·

188 1541 359 1597 trimonium't
388 1539 473 1596 vetuit
495 1539 566 1595 enim
587 1539 668 1602 deus,
691 1556 724 1594 nc
746 1539 986 1595 commiscerentur
1008 1557 1067 1596 curn
1090 1539 1263 1613 alienigenis,
1292 1559 1341 1614 per
1364 1558 1467 1615 quasa

187 1625 262 1683 cultu
284 1625 340 1681 veri
361 1624 403 1680 dei
427 1625 458 1681 ad
482 1624 615 1680 idolorum
637 1623 878 1681 convertebantur:
900 1624 1037 1680 commixti
1058 1624 1190 1697 siquidem
1206 1624 1254 1680 srlii
1269 1625 1312 1681 dci
1326 1643 1386 1682 cum
1402 1624 1468 1680 filia·

156 1711 239 1766 vsbus
261 1709 398 1767 bominum
422 1709 448 1764 in
476 1709 569 1764 diluvii
600 1727 704 1783 pernam
733 1709 776 1764 dci
804 1709 870 1765 iram
906 1717 1096 1783 provocarunt.
1140 1710 1345 1784 superveniente
1373 1710 1468 1765 ‹levindc

189 1813 249 1850 vera
273 1794 403 1868 religione
428 1812 458 1850 ac
479 1802 597 1850 veterem
620 1793 741 1850 solvente
764 1793 865 1867 legem.
889 1812 968 1868 quam
984 1793 1114 1850 latissime
1135 1794 1307 1852 seminarium
1328 1794 1469 1851 cbaritatis

188 1880 299 1937 dillundi
323 1880 454 1954 optimum
477 1887 549 1943 erat;
584 1879 656 1952 quod
679 1880 745 1934 adeo
767 1878 840 1935 nulla
863 1878 914 1936 alia
937 1897 967 1935 rc
989 1879 1080 1954 aptius
1107 1879 1165 1935 sveri
1192 1880 1296 1953 poterit,
1331 1897 1409 1953 quam
1439 1885 1468 1934 ut

189 1965 248 2022 utili
277 1966 444 2039 honestaque
472 1964 616 2021 concordia
645 1964 809 2020 diversarum
833 1964 1060 2021 necessitudinum
1083 1963 1196 2020 vinculis
1225 1972 1399 2021 necterentur
1421 1964 1469 2019 bo·

189 2051 287 2112 mines:
316 2049 445 2106 scindebat
476 2049 556 2105 etiam
578 2049 630 2106 boc
657 2048 771 2104 laumana
794 2049 917 2122 quaedam
939 2049 1097 2105 verecundia
1119 2058 1147 2104 ct
1169 2049 1299 2105 naturalis
1322 2058 1349 2105 et
1379 2049 1471 2104 lauda·

154 2134 266 2202 nobilis,
289 2144 319 2191 ut
341 2134 438 2209 quibus
460 2134 604 2191 debeamus
627 2133 662 2189 ob
683 2135 916 2208 propinquitatem
938 2134 1069 2189 bonorem
1092 2135 1272 2197 verecundiae,
1295 2134 1329 2189 ab
1352 2134 1393 2189 bis
1408 2133 1469 2189 abs·

190 2220 321 2276 tineamus
343 2221 432 2277 etianr.

252 2305 345 2361 l'ucr.
383 2304 516 2372 Quantum
539 2321 606 2377 crgo
629 2303 766 2377 intelligo,
795 2321 854 2360 cum
879 2305 905 2359 in
929 2302 1057 2377 gradibus
1079 2305 1253 2378 dispensatur
1280 2304 1536 2378 propinquus-§.ra

190 2391 237 2452 tis.
261 2398 287 2445 et
309 2390 434 2446 charitati
456 2389 615 2444 Christianae
638 2397 665 2444 et
688 2389 853 2445 verecundiae
877 2389 993 2444 naturali
1015 2389 1044 2444 lit
1067 2389 1266 2445 detrimentum.

253 2475 409 2548 Legatos.
447 2473 543 2547 Negari
567 2491 620 2529 non
644 2482 735 2547 potest
758 2474 797 2537 id;
829 2482 1011 2530 verurntameu
1034 2474 1097 2549 quia
1120 2474 1170 2530 boc
1194 2475 1260 2530 iovis
1290 2483 1331 2530 cst
1359 2475 1468 2549 positivi

155 2560 352 2633 ealrumanique
375 2559 509 2619 instituti.
533 2575 582 2632 per
604 2559 754 2622 lacrimntem,
784 2559 835 2615 boc
857 2567 899 2615 est
921 2577 1054 2615 summum
1077 2559 1245 2633 pontiliccm.
1272 2560 1399 2631 derogari
1422 2577 1470 2633 po·

191 2654 257 2707 test,
281 2653 326 2700 aut
349 2645 371 2700 si
394 2643 465 2706 velit,
490 2644 597 2717 penitus
620 2643 776 2700 abolerier
799 2644 897 2700 tabulis
920 2644 1058 2700 omnibus:
1090 2652 1163 2700 tanta
1185 2645 1255 2700 enim
1278 2653 1320 2700 est
1342 2645 1381 2700 vis
1403 2662 1471 2718 prou·

191 2729 264 2786 tibcii
286 2730 419 2803 pectoris,
443 2747 503 2802 quae
525 2736 552 2784 ct
573 2728 600 2783 in
623 2746 664 2784 me
686 2746 734 2785 ccu
758 2747 806 2803 per
827 2728 946 2785 canalem
968 2729 1101 2791 derivata.
1124 2738 1154 2785 ut
1177 2730 1249 2803 vqrrod
1272 2730 1329 2803 ipse
1352 2729 1469 2789 llboma·.

189 2834 241 2886 ego
264 2816 306 2870 bic
328 2815 387 2869 eius
410 2813 517 2869 nominc
540 2814 651 2887 possim.
696 2822 877 2870 verumtamen
908 2815 1034 2888 quoniam
1058 2815 1132 2887 gravi
1155 2815 1198 2871 bic
1221 2824 1330 2889 sumptu
1353 2831 1470 2887 premor,

191 2899 226 2955 ob
248 2899 355 2955 lamiliac
379 2898 605 2971 magnitudinem,
628 2916 723 2972 magna
746 2900 825 2955 etiam
848 2901 1008 2956 necessitate
1032 2917 1147 2972 urgeor.
1177 2901 1298 2973 gratuito
1322 2898 1378 2953 ficri
1401 2899 1471 2953 dari·

155 3002 243 3059 seque
266 2985 292 3041 id
315 3003 329 3040 a
352 3002 393 3039 mc
417 3001 471 3039 noa
493 2991 600 3056 potest:
634 2985 666 3039 ad
695 2985 746 3041 boc
774 2993 847 3040 certa
870 2985 903 3040 ad
925 2985 1083 3057 erigendum
1106 3002 1137 3040 ex
1160 2984 1274 3058 singulis
1298 2983 1470 3039 lacvvltatibus

190 3070 355 3125 aPontilicc
377 3069 441 3124 milri
466 3070 619 3142 praestituta
641 3077 683 3144 est
705 3070 826 3143 pecuniae
849 3087 965 3125 summa:
1000 3078 1030 3124 ut
1057 3087 1124 3143 crgo
1154 3079 1180 3126 ct
1210 3088 1225 3125 a
1253 3078 1349 3142 stupro
1381 3078 1407 3124 et
1432 3070 1471 3123 in·

189 3163 264 3210 cestu
287 3153 442 3210 absolvatur
463 3153 551 3215 lilius,
584 3154 679 3210 deinde
709 3172 757 3227 pcv
785 3152 884 3209 bullam
913 3153 1090 3228 apostolicam
1119 3155 1142 3208 ei
1167 3154 1245 3211 liccat
1267 3161 1469 3228 constupratam

190 3240 216 3294 in
240 3256 349 3295 uxorem
372 3239 485 3300 ducere,
514 3238 689 3312 vquaelraginta
710 3238 823 3294 ‹lvrcatos
845 3238 890 3295 det
913 3246 1032 3312 eportet.

253 3323 377 3379 llcuno.
414 3323 487 3379 Ebeu
509 3323 592 3379 eben!
616 3341 645 3384 o.
670 3325 698 3378 o!
1479 3343 1538 3390 §.aa

156 3424 182 3464 aa
254 3409 346 3464 l'uer.
378 3408 432 3463 lam
454 3407 532 3482 planc
556 3408 632 3463 video
654 3407 718 3480 quid
740 3408 853 3482 pecunia
876 3408 978 3481 possit:
1002 3408 1071 3463 banc
1092 3425 1152 3464 cum
1173 3407 1293 3469 electeus.
1318 3407 1405 3463 solvet
1421 3407 1469 3462 tibi

190 3492 357 3567 disciplinam
379 3493 519 3549 charitatis
541 3492 715 3554 Christiana..
745 3491 895 3548 naturalem
924 3494 1120 3566 humanamque
1142 3493 1327 3548 verecundiam
1356 3510 1471 3547 oivirvem.

192 3579 256 3652 quin
280 3579 331 3633 iam
353 3596 402 3651 per
424 3578 496 3633 bunc
518 3576 652 3649 legatum,
677 3578 749 3632 omni
772 3577 879 3632 sublato
902 3577 1072 3638 discrimine,
1096 3577 1122 3632 in
1146 3578 1330 3651 prorniscuos,
1354 3578 1471 3632 serarum

192 3663 260 3724 nitri,
292 3662 454 3719 concubitus
483 3662 604 3717 ruimus?
638 3679 694 3717 non
722 3661 792 3717 lilius
821 3661 926 3718 demum
955 3663 1049 3718 matris
1071 3661 1186 3717 «laventur
1208 3662 1381 3724 verecundia,
1417 3679 1471 3717 nrm

192 3756 269 3821 pater
291 3747 364 3807 tatic.
388 3764 441 3802 non
465 3747 548 3802 trater
570 3748 687 3809 sororis,
717 3764 770 3802 non
794 3748 933 3821 privignus
957 3764 1092 3803 noverca:
1122 3747 1241 3802 videnms
1263 3748 1334 3803 enim
1360 3746 1472 3820 exiguas

159 3832 324 3893 -roscelevmn
347 3831 477 3887 scintillas
500 3833 525 3888 iu
550 3833 691 3888 niaximum
714 3833 820 3888 tandem
842 3849 1020 3906 prorumpere
1043 3831 1209 3894 incendium.
1239 3851 1268 3888 ac
1291 3831 1359 3888 mala
1382 3833 1470 3887 onmia

193 3919 218 3973 in
241 3919 347 3991 peiora.
381 3934 410 3972 ac
433 3916 501 3972 laona
524 3919 604 3973 ctiam
628 3918 654 3972 in
677 3917 744 3973 rriala
767 3917 886 3974 comesti
909 3917 1043 3991 quotidie.
1078 3916 1146 3972 rrrala
1175 3917 1201 3973 in
1230 3917 1298 3973 bona
1323 3915 1398 3972 mdlo
1422 3934 1470 3972 un·

192 4021 270 4075 equam
293 4020 368 4056 versa
392 4002 475 4057 luisse
500 4011 630 4077 tempore.
679 4004 805 4060 Proiecto
833 4002 997 4064 divinabam,
1029 4001 1082 4058 imo
1112 4011 1187 4059 ccvto
1218 4002 1350 4064 sciebam,
1385 4009 1538 4067 totarn§.ra.

193 4089 259 4143 banc
283 4086 463 4158 theologicam
486 4088 584 4143 veteris
608 4087 723 4161 nonque
746 4087 898 4144 testamenti
921 4088 1204 4144 commemorationem
1228 4088 1278 4144 lmc
1302 4088 1407 4145 tandem
1429 4104 1472 4143 rc·

191 4173 264 4233 dire.
287 4172 408 4245 ‘pcevmia
429 4172 509 4228 detur
531 4172 657 4246 oportct'.

261 4354 268 4387 ¹
290 4356 389 4404 (irenes.
404 4355 501 4403 XXIX.
518 4353 557 4402 lo.
571 4371 629 4419 sqq.
681 4353 692 4383 ὖ
711 4353 809 4403 Genea.
823 4353 975 4405 XXXVIII.
987 4354 1011 4404 8.
1032 4361 1059 4404 ct
1072 4355 1153 4405 Rulli.
1168 4356 1212 4405 IV.
1224 4355 1247 4404 5.
1262 4356 1286 4404 7.
1335 4354 1356 4387 ¹²
1375 4355 1472 4406 Genea.

193 4441 278 4492 XVII.
296 4439 333 4492 lo.
347 4457 405 4504 sqq.
458 4438 479 4470 ¹⁸
497 4439 581 4489 Exod.
595 4440 718 4493 XXXIV.
734 4438 771 4489 to.
791 4441 899 4491 Numer.
913 4439 1015 4488 XVIII.
1028 4440 1052 4492 4.
1065 4457 1122 4504 sqq.
1166 4437 1187 4470 ¹¹
1206 4439 1305 4493 (lenes.
1316 4442 1362 4490 VI.
1375 4441 1400 4490 2.
1414 4457 1473 4505 sqq.

194 4524 214 4558 ¹⁵
232 4525 272 4575 35.
287 4541 311 4589 q.
326 4526 347 4574 l.
362 4541 422 4574 curu
441 4525 571 4589 igilando
589 4541 667 4589 marg.
683 4528 706 4574 1.
719 4525 736 4576 i.
750 4542 774 4574 c.
789 4524 915 4574 Gratiani
934 4524 1037 4578 decret.
1056 4531 1126 4590 port.
1140 4525 1176 4575 II.
1191 4540 1264 4575 enus.
1278 4524 1320 4577 35.
1339 4531 1435 4590 quaest.
1452 4525 1473 4576 l.

194 4612 238 4673 (cx
256 4611 400 4676 Augustin.
414 4609 447 4658 ele
466 4609 519 4661 civ.
532 4608 577 4659 dei
589 4609 647 4658 XV.
663 4608 714 4671 16.)
782 4606 804 4639 ²⁵
826 4609 874 4658 Vis
892 4609 1029 4673 pontificii
1047 4612 1190 4675 peccoris..
1259 4608 1281 4642 ³⁵
1304 4612 1359 4661 IIui
1377 4612 1474 4663 nette..

195 4694 216 4727 ⁴⁰
235 4695 310 4746 Curt.
325 4696 370 4746 VI.
383 4693 444 4757 3‚tt.
464 4695 575 4756 „Parva
593 4710 668 4761 saepe
686 4692 808 4744 scintilla
827 4699 986 4759 contempta
1004 4711 1130 4763 magnum
1144 4696 1277 4747 excitavit
1289 4696 1471 4747 Incendium.¹¹
