3382 5370
416 346 482 396 1111.
551 361 687 396 roarran.
725 361 863 395 araneosa
883 360 1065 396 nrrrsarcra.
1086 344 1169 410 (tata.)

211 535 384 577 averanus.
421 515 520 576 i'oties
542 515 600 576 dixi
623 517 694 584 iam,
719 534 794 576 uxor
816 523 847 575 ut
868 516 913 576 sit.

212 637 364 680 roarvua.
402 617 483 678 Uxor
505 624 549 677 est
571 616 681 677 honum
704 617 809 695 igitur?

211 739 382 780 nvaraave.
421 719 559 791 Quadam
583 719 706 789 malum,
735 736 789 796 ego
812 737 881 780 vero
905 718 1011 779 honam
1040 725 1122 797 peto,
1153 709 1246 778 ἱστὸν
1268 713 1434 798 ἐποιχομέ-

148 840 229 901 νην,
253 815 308 882 ιιαὶ
331 813 413 899 ἐμὸν
435 817 527 900 λέχος
548 814 743 881 ἀντιόωσαν.

126 940 140 977 ⁵
214 943 364 985 roa‘rvnii.
402 915 487 983 otta
509 913 637 1002 γυναῖκ’
662 915 798 1002 ἀγαθὴν
820 918 989 1001 ἐπιτυχεῖν
1011 913 1052 982 οὐ
1074 915 1202 1004 ῥᾴδιον.

212 1045 384 1086 averanus.
423 1024 482 1086 Nisi
504 1023 620 1084 ditticile
643 1033 732 1093 esset,
756 1024 834 1085 domi
857 1042 1019 1103 quaererem
1042 1031 1071 1084 et
1092 1023 1128 1084 ad
1151 1031 1179 1084 te
1201 1041 1259 1084 non
1276 1025 1426 1084 venissem.

212 1145 361 1187 roam'ua.
398 1126 573 1202 Coniugium
595 1144 698 1188 omues
720 1127 829 1206 petitis,
858 1125 1103 1206 quaemadmodum
1125 1133 1321 1194 senectutem,
1350 1126 1500 1186 adse-tn.

149 1229 232 1306 qunti
254 1227 376 1288 moleste
399 1227 493 1296 terris,
517 1245 692 1306 semperque
715 1228 799 1288 turha
823 1230 992 1288 circumstat
1014 1245 1061 1287 me
1083 1229 1256 1306 petentium,
1280 1234 1311 1288 ut
1327 1245 1434 1287 cruores

149 1327 204 1388 sihi
227 1329 373 1397 auferam,
401 1329 588 1408 imperiosam
611 1327 671 1397 atti.
701 1328 748 1390 aiii
770 1329 938 1391 iracundam
962 1335 991 1388 et
1018 1347 1180 1397 morosam,
1211 1329 1258 1389 alii
1281 1329 1433 1395 moenam.

118 1430 324 1509 roquihusdam
348 1438 533 1509 sunrptuosas
554 1431 648 1491 ninus.
694 1438 725 1490 tu
754 1450 836 1501 cero,
865 1433 912 1492 cni
941 1447 1099 1510 permagna
1128 1437 1173 1490 est
1193 1448 1271 1491 nunc
1293 1439 1432 1509 qnantum

150 1530 279 1610 intelligo
301 1530 436 1600 libertas,
460 1532 571 1601 neseis,
601 1532 637 1592 ah
660 1533 755 1592 nescis
776 1552 863 1611 apuam
886 1535 950 1594 ritae
972 1533 1228 1592 coumrutationem
1253 1532 1339 1592 iacias
1362 1551 1433 1592 uxo·

150 1652 213 1693 rem
235 1642 354 1713 petens,
385 1634 440 1694 hoc
469 1640 513 1694 est
540 1634 646 1694 durum
670 1633 746 1692 nitro
768 1636 915 1695 servitium
937 1635 988 1696 tihi
1011 1651 1181 1695 accersens:
1210 1652 1245 1693 an
1276 1632 1382 1694 ohtitns
1404 1652 1435 1693 es

150 1735 308 1796 Hesiodum
337 1743 452 1815 poetam
481 1734 580 1796 telices
609 1753 714 1796 vocare
736 1737 863 1814 coniugii
886 1744 1037 1817 expertes,
1068 1735 1246 1796 Simonidem
1271 1754 1339 1795 rero
1362 1752 1433 1794 irau-

152 1837 275 1916 iraginm
300 1837 352 1898 riri
375 1838 472 1898 dicere
496 1839 637 1898 uxorem?
667 1844 696 1897 et
723 1837 810 1897 atium
840 1840 994 1918 qrremdam
1023 1845 1161 1917 praestare
1184 1839 1289 1897 eiterre
1312 1854 1433 1896 uxorem

119 1956 239 2018 requam
262 1939 388 2001 ducere?

215 2061 386 2103 rrvrrauvs.
452 2040 516 2101 Non
539 2059 602 2100 suni
626 2040 747 2110 ohiitus,
770 2042 821 2102 sed
844 2050 1008 2104 contemno.
1442 2045 1494 2096 §.aa

215 2164 367 2205 roarvnu.
405 2142 556 2222 Sapientes
580 2143 655 2203 riros
677 2145 849 2203 contemnis.

215 2265 385 2307 uvrraurs.
423 2245 459 2305 dt
481 2245 551 2305 mihi
573 2247 719 2323 sapientes
741 2262 799 2305 nou
824 2245 956 2305 videntur
985 2245 1034 2326 qui
1062 2245 1103 2305 sic
1132 2247 1304 2324 opinantur,
1332 2262 1434 2305 eorum

153 2347 323 2407 seutentiam
352 2346 478 2426 praefero
506 2348 554 2426 qrri
583 2365 649 2406 carru
680 2360 773 2426 usque
795 2347 868 2407 adeo
889 2345 960 2407 nihii
983 2347 1083 2407 intenti
1106 2354 1203 2407 essent
1224 2348 1267 2407 rei
1289 2346 1435 2426 parandae,

119 2455 185 2508 ant
206 2467 261 2509 nec
284 2447 402 2508 domurn
426 2446 568 2508 haberent
590 2449 756 2527 propriam,
785 2449 847 2509 siue
870 2447 1010 2509 uxoribus
1032 2456 1128 2509 tamen
1152 2449 1246 2509 rivere
1269 2447 1434 2515 autumant.

154 2560 182 2610 et
209 2552 258 2630 qrri
288 2551 450 2611 existimant
477 2547 601 2628 probam
630 2551 784 2628 coniugem
814 2551 919 2611 dorrrus
946 2567 1009 2610 esse
1036 2551 1159 2618 sociam,
1189 2558 1218 2610 et
1239 2567 1376 2626 magnum
1399 2549 1434 2608 ad

155 2654 206 2713 riri
235 2651 399 2713 felicitatem
428 2658 617 2712 rnonrentum.
663 2650 806 2712 Praeterea
836 2652 871 2713 ad
900 2651 970 2712 ittuu
998 2652 1088 2712 otium
1117 2651 1195 2731 qnod
1224 2669 1312 2730 paro,
1343 2670 1435 2711 uxore

154 2773 227 2833 opus
256 2761 300 2815 est
328 2772 392 2835 quae
420 2753 540 2813 riorrmm
567 2752 652 2813 nohis
682 2759 781 2822 curet,
810 2771 913 2832 magna
942 2772 988 2814 me
1011 2753 1050 2813 ihi
1073 2752 1172 2814 teraris
1193 2751 1339 2819 molestia,
1370 2771 1435 2832 qna

154 2857 230 2916 circa
254 2857 358 2915 victum
382 2863 430 2915 arrt
453 2854 614 2933 parandum
638 2862 687 2915 aut
709 2855 940 2915 conservandum
963 2854 1068 2916 auritio
1090 2856 1149 2923 ait,
1180 2873 1215 2913 ex
1244 2871 1299 2932 qua
1328 2853 1436 2914 liberos

119 2972 146 3011 as
158 2957 260 3017 toliere
283 2956 379 3024 liceat,
403 2975 467 3035 qua
489 2956 630 3035 siquando
653 2964 792 3033 aegrotem
815 2957 922 3025 torcat,
952 2955 1022 3027 aiat,
1051 2963 1164 3036 pascat,
1192 2964 1290 3024 curet,
1320 2973 1385 3033 quae
1407 2956 1435 3014 in

155 3059 236 3119 malis
258 3057 343 3119 simui
366 3054 476 3126 doleat,
500 3059 528 3117 iu
551 3056 635 3118 hornis
657 3057 890 3135 congratuletur,
914 3059 942 3118 in
964 3061 1048 3119 cuius
1070 3058 1155 3118 ueluti
1178 3058 1273 3117 sinum
1295 3055 1380 3116 liceat
1394 3056 1436 3115 et·

155 3161 278 3221 iutrdcre
302 3159 439 3240 quicquid
463 3160 500 3219 ita
523 3161 609 3220 adicit
632 3161 777 3227 aninumr,
803 3166 833 3219 ut
861 3161 1004 3220 contineri
1027 3177 1085 3219 non
1109 3161 1262 3228 sustineat,
1292 3158 1343 3218 sed
1366 3176 1435 3217 con·

154 3264 246 3322 scium
268 3268 387 3339 querat.

218 3383 369 3425 roarvuu.
407 3361 468 3432 Ona
492 3363 526 3423 ad
550 3361 620 3423 iliud
643 3381 717 3441 opus
739 3368 782 3422 est
796 3364 901 3433 otium,
925 3379 989 3442 quae
1004 3360 1134 3422 molestia
1149 3361 1238 3430 ieret,
1261 3380 1326 3441 quae
1342 3371 1503 3438 agro-tar.

121 3473 264 3526 amntem
292 3471 390 3533 curet,
421 3466 448 3524 in
477 3466 560 3525 euius
587 3466 683 3524 sinum
710 3463 794 3525 liceat
821 3464 985 3533 effundere,
1018 3462 1128 3524 scilicet
1159 3471 1209 3524 aut
1235 3481 1337 3523 onmes
1369 3470 1437 3523 sunt

158 3635 357 3643 ...ψ-...-

223 3751 233 3782 ³
257 3752 365 3802 Homer.
386 3751 466 3802 Iliad.
486 3754 506 3802 l.
526 3751 567 3803 31.
603 3769 683 3818 „quta
706 3752 790 3803 telam
817 3758 960 3818 percurrat
982 3766 1124 3815 rnoumquo
1153 3750 1254 3800 lectum
1277 3751 1435 3816 participet.

157 3838 262 3900 (Genea
279 3841 304 3887 ιἰι
322 3839 380 3888 edd.
399 3853 534 3902 perperam
552 3854 679 3902 eapreaaa
695 3839 774 3904 aaut.)
838 3828 948 3887 ’Ἀλλὰ
967 3834 1034 3901 ath]
1054 3835 1107 3885 Sed
1126 3835 1224 3884 bonam
1242 3850 1351 3884 uxorem
1370 3851 1436 3884 nan-

158 3923 227 3972 cisci
245 3921 317 3972 hand
336 3921 419 3971 facito
440 3932 489 3971 eat.
526 3922 631 3988 Diphili
650 3923 790 3972 sententia
803 3939 846 3988 ap.
860 3923 935 3972 Stoh.
949 3921 1043 3972 Pierii.
1057 3920 1181 3971 nxvttt.
1195 3918 1236 3968 ⁸21.
1256 3919 1314 3969 haec
1329 3925 1371 3968 est
1384 3919 1435 3969 Γα-

157 3999 256 4065 ναιιιός
272 3996 390 4071 &podria
408 3997 551 4072 ἐπιτυχεῖν
569 3997 604 4056 ori
622 3999 731 4076 p‘pidrov.
785 4006 806 4039 ¹⁸
823 4007 935 4058 Hesiod.
949 4013 973 4056 et
986 4003 1127 4070 Simonidi
1147 4005 1200 4066 Qui
1218 4003 1320 4053 similia
1333 4005 1435 4066 dicant,

158 4091 316 4141 multisunt
335 4097 363 4140 et
381 4108 423 4157 ap.
438 4092 513 4141 Stob.
527 4092 620 4142 Pierii.
634 4093 775 4155 nitunt,
800 4092 848 4142 sed
867 4107 933 4156 quoe
957 4107 989 4140 ex
1008 4090 1128 4140 Hesiodo
1146 4088 1338 4154 Simonideque
1362 4088 1437 4138 locos

157 4176 253 4227 iaudat
270 4177 319 4236 H.,
340 4190 426 4240 noque
446 4177 474 4225 in
493 4177 560 4242 ipsis
579 4177 671 4226 horum
690 4182 831 4242 poetarum
850 4176 974 4240 reliquiis
992 4176 1109 4240 repperi.
1179 4171 1355 4238 Simonidem]
1374 4188 1437 4222 riam

158 4262 193 4312 ad
211 4261 358 4311 Simonidis
382 4262 551 4326 epigramma
573 4261 644 4326 qnod
666 4265 709 4309 est
726 4261 836 4310 Anthot.
855 4260 914 4311 Pal.
929 4261 960 4309 V.
977 4258 1032 4308 tut.
1052 4260 1157 4322 (Poetre
1179 4257 1260 4322 lyrici
1279 4257 1369 4308 Graeai
1394 4258 1436 4308 ed.

157 4347 259 4412 Bergk.
272 4362 298 4411 p.
312 4344 382 4408 tut.)
418 4347 566 4395 Huttenum
589 4346 616 4400 h.
635 4345 653 4394 l.
673 4346 790 4406 reterre,
815 4361 875 4395 cum
893 4350 1015 4395 veterum
1039 4351 1179 4409 poetarum
1203 4345 1230 4392 in
1253 4343 1305 4392 hoc
1328 4343 1439 4407 dialogo

159 4432 275 4481 adhibiti
293 4430 347 4479 loci
366 4431 423 4480 tere
442 4446 534 4481 omnes
553 4447 586 4480 ex
599 4430 707 4480 Stohao
725 4430 877 4494 deprompti
895 4429 962 4487 sint,
983 4431 1027 4478 vix
1046 4429 1216 4478 crediderim.
1244 4427 1328 4477 hahet
1347 4435 1437 4476 autem

157 4516 210 4565 hoc
223 4517 390 4581 epigramma
409 4552 461 4577 .....
476 4505 515 4565 ’ἕν’
527 4506 639 4581 ἑκάστη,
656 4512 660 4580 Ι
675 4505 808 4580 γυμνούς,
827 4512 959 4579 ναυαγῶν
971 4501 1091 4578 ἥσσονας
1104 4503 1263 4578 stipator?
1310 4509 1330 4542 ¹⁴
1343 4509 1437 4577 atium]

159 4601 364 4651 chaeremonem
388 4617 432 4666 ap.
451 4600 525 4650 Stob.
544 4600 639 4651 Piorit.
662 4599 846 4650 va111.·2·2.
870 4597 999 4649 Γυναῖκα
1023 4591 1148 4649 θάπτειν
1171 4587 1299 4662 κρεῖττόν
1321 4586 1397 4646 ἔστιν
1419 4586 1440 4662 ἢ

159 4687 271 4752 γαμεῖν.
