3382 5370
193 314 241 385 82
452 327 517 378 1111.
587 341 723 378 ronrrnr.
759 341 896 376 oreuoovs
915 320 1099 376 nu'rrsnrevs.
1119 326 1205 390 (toto.)

192 505 306 577 poetam
322 504 465 566 veterem,
489 495 593 557 ‘Faber
608 497 729 575 quisquc
745 495 876 556 tortunre'
896 496 988 574 inquit
1010 505 1079 557 ‘sure
1099 496 1160 566 cst',
1184 504 1212 557 et
1227 493 1383 555 Salustium
1399 510 1468 570 pru·

191 601 294 662 denter
324 607 488 660 monentem
521 616 598 665 ..uun
628 597 776 676 suppliciis
804 606 853 658 aut
881 597 1035 678 lachrymis
1063 599 1185 660 deornm
1216 595 1320 657 auxilia
1354 595 1467 672 parari;

192 702 364 779 uigilando,''
386 701 482 779 inquit·
500 700 594 768 „hene
616 700 743 777 agento,
766 699 841 761 hene
864 698 1042 762 eoirsulendo
1064 718 1205 778 prospere
1227 698 1323 759 omnia
1346 696 1467 762 cedunt;

192 804 241 864 uhi
264 802 404 863 socordiae
425 809 454 860 te
477 808 562 880 atque
585 802 702 880 ignaviae
724 802 892 871 tradideris,
921 802 1113 881 nequicquam
1136 802 1206 862 deos
1228 798 1381 879 imploreS,
1403 797 1469 857 irati

193 907 346 984 iuleslique
368 903 462 964 sunt'.

125 1031 184 1080 §.as
256 1026 426 1069 nvrrnsve
465 1005 644 1086 Qiremquarn
669 1007 706 1065 ita
728 1007 876 1084 aspernari
905 1013 999 1083 potest
1020 1005 1150 1084 luppiter
1178 1024 1262 1084 ergo,
1297 1024 1312 1063 a
1343 1021 1401 1081 quo
1428 1008 1471 1059 est

194 1111 239 1187 pie
262 1117 375 1176 oratus,
404 1115 435 1168 ut
457 1126 515 1167 non
538 1108 688 1168 exaudiat?
717 1126 770 1168 nec
793 1107 866 1167 loris
889 1107 1002 1167 lamule
1030 1115 1098 1168 sunt
1127 1107 1180 1167 illae
1212 1105 1287 1184 apud
1311 1104 1470 1165 llomerum

194 1202 316 1289 Eripuit

256 1333 406 1373 ronrvna.
443 1311 544 1390 Neque
566 1318 739 1389 aspernatur
761 1309 808 1372 ille
830 1309 957 1370 arbitror
979 1310 1142 1390 supplicum
1166 1328 1282 1389 preces,
1307 1315 1335 1369 et
1357 1305 1472 1368 exaudit

193 1415 217 1474 si
240 1423 271 1474 ut
292 1413 400 1474 dehent
421 1414 553 1474 homines
575 1419 683 1491 petant.
1483 1428 1506 1468 ro

257 1535 426 1577 rrrrrnnvs.
465 1514 528 1575 Non
550 1521 630 1575 reete
653 1521 755 1592 petunt
777 1522 872 1575 autem
902 1516 966 1594 qui.
1000 1503 1032 1575 ut
1059 1512 1106 1575 ille
1134 1515 1210 1592 equid
1238 1512 1471 1591 Xenophontem,

194 1624 278 1676 erunt
302 1617 492 1676 valetudinem
516 1618 640 1694 primurn
665 1618 797 1697 uiresque
820 1618 966 1695 corporis,
995 1617 1099 1677 deimle
1121 1616 1248 1677 honores
1271 1622 1298 1676 et
1320 1613 1397 1693 apird
1421 1613 1472 1672 ho·

194 1720 287 1778 mines
309 1716 553 1787 benevolentiam,
576 1727 642 1796 post
665 1718 777 1778 luecio
800 1717 877 1779 hello
899 1718 1036 1788 salutem,
1065 1728 1095 1778 et
1117 1736 1164 1778 res
1186 1716 1301 1776 tandem
1326 1715 1473 1775 lomiliaris

194 1827 226 1879 ut
248 1819 367 1879 lunieste
390 1820 548 1898 augeatur‘.¹

127 1947 184 1996 pec,
258 1942 408 1982 ronrvrsa.
447 1921 481 1981 lli
504 1921 620 2000 quidem
643 1929 738 1991 recte,
761 1922 812 1983 sed
835 1923 996 2001 superflue:
1020 1923 1088 2002 quid
1112 1923 1188 1984 euim
1211 1920 1309 1982 multis
1330 1920 1403 1980 adeo
1418 1917 1469 1978 oh·
1483 1940 1507 1978 n

195 2023 318 2083 tundere
340 2023 467 2099 oportuit
488 2021 603 2082 lovem?

256 2144 426 2185 incensus.
464 2123 507 2183 ho
531 2123 607 2184 haud
631 2125 865 2185 neeessariatihi
888 2126 1066 2187 haecomnia
1091 2123 1242 2187 videnlur?

256 2247 406 2288 renuens.
444 2227 561 2294 thnnia,
591 2226 641 2286 sed
670 2245 734 2306 quae
761 2225 886 2288 hreriori
914 2229 1044 2289 oratione
1074 2228 1284 2305 comprehendi
1306 2248 1321 2288 a
1345 2229 1472 2307 roganti·

195 2326 249 2388 hus
272 2335 387 2406 queant.

127 2458 185 2508 qv,
258 2452 427 2492 inureres.
466 2430 527 2490 lloc
550 2429 633 2490 velim
656 2431 792 2500 edoceas:
816 2431 866 2491 sed
889 2431 959 2492 mihi
982 2433 1062 2509 prius
1084 2450 1185 2499 narra,
1208 2432 1357 2493 ellendunt
1375 2432 1508 2492 loremeo

197 2530 368 2608 prolixiores
389 2550 516 2610 unqimnr
540 2533 661 2611 preces?

257 2653 409 2694 neurius.
448 2633 510 2693 Non
534 2635 629 2694 minus
651 2653 736 2714 quam
759 2654 774 2695 a
798 2617 925 2713 diligenti
953 2635 1158 2714 patrefamilias
1185 2638 1208 2695 si
1238 2642 1340 2712 rogent
1370 2654 1473 2714 super·

197 2733 252 2793 llue
282 2734 446 2803 domestici,
476 2743 525 2796 aut
551 2735 627 2796 idem
655 2754 732 2813 saepe
762 2739 785 2796 si
813 2745 942 2816 quaerant
972 2759 987 2799 a
1021 2738 1107 2799 docto
1142 2739 1279 2817 magistro
1311 2737 1473 2816 ohstreperi

196 2835 350 2896 auditores

259 2959 429 3000 tirrannus.
467 2937 504 2999 Ut
525 2938 664 3002 molestiae
686 2960 807 3018 capaces
830 2941 945 3002 credam
969 2960 1031 3003 esse
1055 2942 1128 3004 loris
1150 2943 1254 3002 aures?
1482 2954 1508 2992 Ἧι

259 3061 408 3101 noiervna.
447 3039 551 3102 Facile.

128 3168 186 3218 m
259 3161 429 3205 siverimus.
468 3141 501 3201 ut
524 3141 578 3202 illis
600 3143 703 3204 cotidie
724 3144 809 3204 irasci
830 3144 1043 3213 sacerdotibus,
1067 3146 1135 3206 dum
1152 3144 1252 3224 legunt
1266 3146 1383 3207 eosdem
1398 3165 1485 3225 sepe·

199 3244 322 3303 interdiu
347 3241 473 3319 psalmos
495 3251 524 3303 et
545 3245 622 3305 idern
645 3246 765 3323 vigesies
787 3246 910 3324 atriplius
933 3254 1068 3325 repetunt
1089 3248 1240 3308 murmuri

259 3365 410 3407 renerus.
448 3345 482 3405 El
505 3346 561 3406 hoc
584 3349 764 3425 propositum
787 3348 909 3417 hahent,
939 3366 997 3408 non
1025 3348 1094 3427 quid
1123 3357 1222 3417 orent,
1254 3350 1304 3410 sed
1334 3357 1474 3429 quantum

197 3447 312 3525 legant?
1484 3465 1509 3504 ao

261 3569 431 3610 nvrrnnvs.
470 3551 622 3620 tlumnodo
644 3552 731 3627 igitur
754 3551 921 3613 brevissime
943 3552 1084 3615 orandum
1107 3572 1123 3611 a
1146 3552 1212 3613 lore
1235 3555 1294 3612 est?

131 3663 189 3712 tet.
261 3671 411 3711 renarra.
449 3651 600 3723 Oueunodo
629 3650 712 3712 aliter
740 3655 832 3722 enim,
865 3673 950 3732 iquam
981 3660 1013 3714 ut
1041 3654 1077 3712 sit
1099 3673 1181 3715 mens
1208 3672 1276 3714 sana
1300 3657 1327 3714 in
1351 3674 1476 3734 corpore

198 3753 286 3814 sano?
308 3771 375 3813 nom
398 3754 421 3812 si
444 3752 505 3813 lnec
528 3754 640 3814 dederit
661 3753 806 3833 luppiter,
829 3755 939 3834 reliqua
962 3763 1177 3834 consequentur
1199 3755 1291 3817 facile.

267 3974 273 4006 ¹
294 3981 366 4039 poet.
385 3971 453 4038 vet]
471 4011 487 4033 .,
502 4011 508 4025 .
523 4010 529 4022 .
545 3988 636 4022 verum
646 3989 706 4023 esse
719 3974 788 4039 quod
799 3976 828 4024 iu
841 3975 1007 4025 carminibus
1020 3977 1124 4042 Appius
1143 3978 1191 4037 uit,
1210 3977 1329 4026 Fabium
1344 3992 1404 4026 esse
1418 3993 1475 4027 sure

200 4074 332 4124 quemque
351 4058 493 4107 lortrrnoe''.
513 4059 558 4108 Or.
572 4057 606 4106 ad
624 4056 694 4108 Cass.
707 4058 739 4108 de
758 4075 814 4124 rep.
828 4059 914 4110 ordin.
925 4060 1026 4111 Salust.
1040 4063 1102 4112 trib.
1118 4078 1140 4112 c.
1157 4061 1178 4112 l.
1232 4059 1346 4126 Salust]
1359 4062 1420 4112 Cot.
1434 4063 1475 4111 5⁶2.

201 4144 248 4193 nbi
261 4141 359 4192 Catoni
378 4141 427 4191 illo
445 4143 529 4192 verbu
547 4141 717 4192 tribuuntur:
736 4144 815 4204 „Non
833 4146 905 4195 rotis
923 4160 1010 4209 neque
1023 4145 1168 4211 suppliciis
1181 4145 1360 4196 muliebribus
1373 4146 1476 4196 auxilia

202 4229 311 4277 deorum
328 4231 472 4290 parantur:
491 4225 644 4292 vigilando,
666 4227 784 4292 agendo,
805 4228 875 4278 bene
927 4230 1076 4295 infestique
1095 4235 1183 4281 sunt”.
1236 4231 1246 4262 ¹
1264 4247 1317 4281 non
1337 4237 1411 4280 recte
1430 4248 1475 4296 pe·

201 4317 262 4362 tunt
280 4305 338 4376 ete]
356 4310 466 4360 Mireris
483 4313 572 4362 Persii
590 4318 641 4363 sat.
655 4312 690 4362 11.
703 4312 729 4360 h.
743 4311 761 4361 l.
776 4313 803 4361 in
822 4328 898 4362 usum
916 4320 1042 4364 vocatam
1061 4332 1114 4366 non
1128 4332 1206 4366 esse..
1233 4314 1382 4381 ¹Homer]
1397 4316 1475 4367 llinrl.

202 4397 249 4446 IX.
262 4392 384 4444 498.502.
397 4393 453 4445 Kar
466 4387 520 4460 γάρ
533 4411 561 4445 τε
574 4394 658 4445 Airai
669 4390 723 4446 aler
737 4390 804 4454 Διὸς
817 4396 919 4461 κοῦραι
930 4393 1074 4465 μεγάλοιο.
1092 4402 1202 4450 Etenim
1214 4402 1315 4451 Preces
1328 4407 1391 4450 sunt
1404 4402 1476 4450 lovis

202 4481 267 4530 fitiae
291 4476 422 4544 [lamule]
445 4482 545 4546 magni.
575 4471 670 4546 Εὑχαί
686 4481 729 4545 (z
740 4481 835 4541 Λιταί)
858 4483 971 4544 Preces,
996 4487 1178 4550 precationes.
1252 4485 1270 4518 ¹¹
1296 4485 1343 4536 ille
1369 4503 1412 4552 op.
1432 4485 1476 4552 X.]

203 4563 396 4616 Ischomachus
414 4581 457 4631 ap.
470 4566 592 4632 Xenoph.
606 4583 737 4618 oeconom.
752 4566 818 4629 ll‚t.
838 4566 880 4618 Oi.
893 4569 1060 4619 Meniorohb.
1075 4571 1125 4621 111.
1140 4569 1177 4620 1¹2.
1246 4569 1267 4602 ³¹
1286 4572 1410 4622 luvonol.
1424 4577 1477 4623 set.

204 4652 236 4702 X.
250 4648 307 4701 356.
327 4649 483 4711 „Orondum
504 4659 556 4714 cst,
576 4657 606 4701 ut
624 4653 660 4702 sit
677 4668 753 4703 mens
771 4668 840 4703 suna
858 4652 1018 4718 incorpore
1037 4652 1131 4706 sano''.
