<?xml version="1.0" encoding="UTF-8"?>
<!DOCTYPE html PUBLIC "-//W3C//DTD XHTML 1.0 Transitional//EN"
    "http://www.w3.org/TR/xhtml1/DTD/xhtml1-transitional.dtd">
<html xmlns="http://www.w3.org/1999/xhtml" xml:lang="en" lang="en">
 <head>
  <title>
</title>
<meta http-equiv="Content-Type" content="text/html;charset=utf-8" />
  <meta name='ocr-system' content='tesseract 3.04.00' />
  <meta name='ocr-capabilities' content='ocr_page ocr_carea ocr_par ocr_line ocrx_word'/>
</head>
<body>
  <div class='ocr_page' id='page_1' title='image "./ulrichihuttenie09huttgoog_0111.png"; bbox 0 0 3382 5370; ppageno 0'>
   <div class='ocr_carea' id='block_1_1' title="bbox 264 309 1273 391">
    <p class='ocr_par' dir='ltr' id='par_1_1' title="bbox 264 309 1273 391">
     <span class='ocr_line' id='line_1_1' title="bbox 264 309 1273 391; baseline 0.001 -18"><span class='ocrx_word' id='word_1_1' title='bbox 264 309 311 380; x_wconf 81' lang='grc'>94</span> <span class='ocrx_word' id='word_1_2' title='bbox 525 324 590 376; x_wconf 89' lang='lat'>1111.</span> <span class='ocrx_word' id='word_1_3' title='bbox 660 341 796 377; x_wconf 74' lang='lat' dir='ltr'>ronrrna.</span> <span class='ocrx_word' id='word_1_4' title='bbox 832 340 969 376; x_wconf 77' lang='lat' dir='ltr'>niaeoore</span> <span class='ocrx_word' id='word_1_5' title='bbox 989 344 1171 379; x_wconf 76' lang='lat' dir='ltr'>urrasmcrs.</span> <span class='ocrx_word' id='word_1_6' title='bbox 1191 327 1273 391; x_wconf 74' lang='lat' dir='ltr'>(tata.)</span> 
     </span>
    </p>
   </div>
   <div class='ocr_carea' id='block_1_2' title="bbox 186 493 1572 4036">
    <p class='ocr_par' dir='ltr' id='par_1_2' title="bbox 260 493 1563 1371">
     <span class='ocr_line' id='line_1_2' title="bbox 263 493 1541 580; baseline 0.003 -26"><span class='ocrx_word' id='word_1_7' title='bbox 263 493 443 561; x_wconf 83' lang='lat' dir='ltr'>huiusmodi,</span> <span class='ocrx_word' id='word_1_8' title='bbox 472 501 521 553; x_wconf 89' lang='lat' dir='ltr'>aut</span> <span class='ocrx_word' id='word_1_9' title='bbox 548 493 599 554; x_wconf 90' lang='lat' dir='ltr'>tibi</span> <span class='ocrx_word' id='word_1_10' title='bbox 622 513 638 554; x_wconf 88' lang='lat' dir='ltr'>e</span> <span class='ocrx_word' id='word_1_11' title='bbox 660 497 840 574; x_wconf 77' lang='lat' dir='ltr'>paucissimis</span> <span class='ocrx_word' id='word_1_12' title='bbox 863 498 912 556; x_wconf 92' lang='lat' dir='ltr'>nni</span> <span class='ocrx_word' id='word_1_13' title='bbox 935 497 1082 575; x_wconf 83' lang='lat' dir='ltr'>eorrtinget</span> <span class='ocrx_word' id='word_1_14' title='bbox 1104 498 1176 558; x_wconf 87' lang='lat' dir='ltr'>talis.</span> <span class='ocrx_word' id='word_1_15' title='bbox 1203 499 1280 580; x_wconf 25' lang='lat' dir='ltr'>„bgr</span> <span class='ocrx_word' id='word_1_16' title='bbox 1309 517 1394 568; x_wconf 85' lang='lat' dir='ltr'>roro,</span> <span class='ocrx_word' id='word_1_17' title='bbox 1424 499 1493 578; x_wconf 89' lang='lat' dir='ltr'>quid</span> <span class='ocrx_word' id='word_1_18' title='bbox 1517 500 1541 558; x_wconf 86' lang='lat' dir='ltr'>si</span> 
     </span>
     <span class='ocr_line' id='line_1_3' title="bbox 263 595 1541 678; baseline 0.002 -22"><span class='ocrx_word' id='word_1_19' title='bbox 263 597 356 674; x_wconf 88' lang='lat' dir='ltr'>ipsum</span> <span class='ocrx_word' id='word_1_20' title='bbox 380 595 431 657; x_wconf 92' lang='lat' dir='ltr'>tibi</span> <span class='ocrx_word' id='word_1_21' title='bbox 455 596 629 657; x_wconf 74' lang='lat' dir='ltr'>interturbet</span> <span class='ocrx_word' id='word_1_22' title='bbox 650 599 739 657; x_wconf 84' lang='lat' dir='ltr'>ntiruu</span> <span class='ocrx_word' id='word_1_23' title='bbox 762 597 808 658; x_wconf 87' lang='lat' dir='ltr'>illa</span> <span class='ocrx_word' id='word_1_24' title='bbox 832 605 983 678; x_wconf 78' lang='lat' dir='ltr'>tantopere</span> <span class='ocrx_word' id='word_1_25' title='bbox 1006 600 1092 677; x_wconf 87' lang='lat' dir='ltr'>petita</span> <span class='ocrx_word' id='word_1_26' title='bbox 1116 600 1207 659; x_wconf 80' lang='lat' dir='ltr'>uxor?</span> <span class='ocrx_word' id='word_1_27' title='bbox 1229 600 1253 658; x_wconf 89' lang='lat' dir='ltr'>si</span> <span class='ocrx_word' id='word_1_28' title='bbox 1276 609 1303 660; x_wconf 93' lang='lat' dir='ltr'>te</span> <span class='ocrx_word' id='word_1_29' title='bbox 1327 617 1430 676; x_wconf 86' lang='lat' dir='ltr'>magua</span> <span class='ocrx_word' id='word_1_30' title='bbox 1454 609 1482 660; x_wconf 81' lang='lat' dir='ltr'>et</span> <span class='ocrx_word' id='word_1_31' title='bbox 1498 603 1541 661; x_wconf 94' lang='lat' dir='ltr'>in·</span> 
     </span>
     <span class='ocr_line' id='line_1_4' title="bbox 261 695 1541 781; baseline 0.005 -26"><span class='ocrx_word' id='word_1_32' title='bbox 261 705 342 758; x_wconf 88' lang='lat' dir='ltr'>sueta</span> <span class='ocrx_word' id='word_1_33' title='bbox 365 704 467 758; x_wconf 88' lang='lat' dir='ltr'>oneret</span> <span class='ocrx_word' id='word_1_34' title='bbox 488 695 636 759; x_wconf 78' lang='lat' dir='ltr'>molestia?</span> <span class='ocrx_word' id='word_1_35' title='bbox 658 701 680 758; x_wconf 90' lang='lat' dir='ltr'>si</span> <span class='ocrx_word' id='word_1_36' title='bbox 704 699 808 760; x_wconf 87' lang='lat' dir='ltr'>rotidie</span> <span class='ocrx_word' id='word_1_37' title='bbox 830 707 927 760; x_wconf 84' lang='lat' dir='ltr'>terum</span> <span class='ocrx_word' id='word_1_38' title='bbox 950 697 1040 778; x_wconf 88' lang='lat' dir='ltr'>litiget</span> <span class='ocrx_word' id='word_1_39' title='bbox 1061 700 1214 767; x_wconf 80' lang='lat' dir='ltr'>iracunda.</span> <span class='ocrx_word' id='word_1_40' title='bbox 1238 720 1354 762; x_wconf 89' lang='lat' dir='ltr'>morosa</span> <span class='ocrx_word' id='word_1_41' title='bbox 1377 710 1406 762; x_wconf 84' lang='lat' dir='ltr'>et</span> <span class='ocrx_word' id='word_1_42' title='bbox 1421 704 1541 781; x_wconf 70' lang='lat' dir='ltr'>asperat</span> 
     </span>
     <span class='ocr_line' id='line_1_5' title="bbox 261 799 1541 882; baseline 0.004 -24"><span class='ocrx_word' id='word_1_43' title='bbox 261 799 285 858; x_wconf 89' lang='lat' dir='ltr'>si</span> <span class='ocrx_word' id='word_1_44' title='bbox 308 807 337 860; x_wconf 90' lang='lat' dir='ltr'>et</span> <span class='ocrx_word' id='word_1_45' title='bbox 358 818 439 860; x_wconf 88' lang='lat' dir='ltr'>suam</span> <span class='ocrx_word' id='word_1_46' title='bbox 462 800 559 861; x_wconf 86' lang='lat' dir='ltr'>dotern</span> <span class='ocrx_word' id='word_1_47' title='bbox 582 809 611 860; x_wconf 86' lang='lat' dir='ltr'>ot</span> <span class='ocrx_word' id='word_1_48' title='bbox 632 807 709 860; x_wconf 90' lang='lat' dir='ltr'>tumn</span> <span class='ocrx_word' id='word_1_49' title='bbox 733 808 932 880; x_wconf 77' lang='lat' dir='ltr'>prarrperlatern</span> <span class='ocrx_word' id='word_1_50' title='bbox 957 802 1113 880; x_wconf 77' lang='lat' dir='ltr'>profundat</span> <span class='ocrx_word' id='word_1_51' title='bbox 1134 821 1168 861; x_wconf 85' lang='lat' dir='ltr'>ae</span> <span class='ocrx_word' id='word_1_52' title='bbox 1197 802 1352 882; x_wconf 72' lang='lat' dir='ltr'>dilapidet?</span> <span class='ocrx_word' id='word_1_53' title='bbox 1381 805 1404 862; x_wconf 86' lang='lat' dir='ltr'>si</span> <span class='ocrx_word' id='word_1_54' title='bbox 1428 806 1455 864; x_wconf 93' lang='lat' dir='ltr'>in</span> <span class='ocrx_word' id='word_1_55' title='bbox 1479 812 1541 863; x_wconf 89' lang='lat' dir='ltr'>tan·</span> 
     </span>
     <span class='ocr_line' id='line_1_6' title="bbox 261 901 1563 983; baseline 0.004 -23"><span class='ocrx_word' id='word_1_56' title='bbox 261 908 322 961; x_wconf 90' lang='lat' dir='ltr'>tum</span> <span class='ocrx_word' id='word_1_57' title='bbox 345 909 532 980; x_wconf 72' lang='lat' dir='ltr'>egrotantem</span> <span class='ocrx_word' id='word_1_58' title='bbox 554 920 659 963; x_wconf 83' lang='lat' dir='ltr'>curare</span> <span class='ocrx_word' id='word_1_59' title='bbox 681 901 769 969; x_wconf 89' lang='lat' dir='ltr'>nolit,</span> <span class='ocrx_word' id='word_1_60' title='bbox 800 910 831 962; x_wconf 89' lang='lat' dir='ltr'>ut</span> <span class='ocrx_word' id='word_1_61' title='bbox 859 903 950 981; x_wconf 80' lang='lat' dir='ltr'>fngiat</span> <span class='ocrx_word' id='word_1_62' title='bbox 977 904 1081 964; x_wconf 77' lang='lat' dir='ltr'>ettam?</span> <span class='ocrx_word' id='word_1_63' title='bbox 1109 904 1178 983; x_wconf 89' lang='lat' dir='ltr'>quid</span> <span class='ocrx_word' id='word_1_64' title='bbox 1207 903 1314 982; x_wconf 81' lang='lat' dir='ltr'>‘iugim&#39;</span> <span class='ocrx_word' id='word_1_65' title='bbox 1338 905 1412 972; x_wconf 85' lang='lat' dir='ltr'>dixi,</span> <span class='ocrx_word' id='word_1_66' title='bbox 1434 913 1467 965; x_wconf 89' lang='lat' dir='ltr'>ut</span> <span class='ocrx_word' id='word_1_67' title='bbox 1488 905 1563 965; x_wconf 76' lang='lat' dir='ltr'>ali-⁵</span> 
     </span>
     <span class='ocr_line' id='line_1_7' title="bbox 261 1002 1540 1086; baseline 0.001 -22"><span class='ocrx_word' id='word_1_68' title='bbox 261 1020 348 1082; x_wconf 84' lang='lat' dir='ltr'>qrrem</span> <span class='ocrx_word' id='word_1_69' title='bbox 371 1002 473 1064; x_wconf 87' lang='lat' dir='ltr'>melius</span> <span class='ocrx_word' id='word_1_70' title='bbox 496 1002 650 1064; x_wconf 82' lang='lat' dir='ltr'>habentem</span> <span class='ocrx_word' id='word_1_71' title='bbox 673 1003 818 1064; x_wconf 80' lang='lat' dir='ltr'>mmclrum</span> <span class='ocrx_word' id='word_1_72' title='bbox 841 1006 996 1084; x_wconf 75' lang='lat' dir='ltr'>sequatur?</span> <span class='ocrx_word' id='word_1_73' title='bbox 1023 1007 1046 1065; x_wconf 88' lang='lat' dir='ltr'>si</span> <span class='ocrx_word' id='word_1_74' title='bbox 1076 1005 1125 1066; x_wconf 89' lang='lat' dir='ltr'>ubi</span> <span class='ocrx_word' id='word_1_75' title='bbox 1146 1011 1177 1065; x_wconf 90' lang='lat' dir='ltr'>tu</span> <span class='ocrx_word' id='word_1_76' title='bbox 1200 1005 1311 1076; x_wconf 82' lang='lat' dir='ltr'>rideas,</span> <span class='ocrx_word' id='word_1_77' title='bbox 1341 1007 1402 1086; x_wconf 87' lang='lat' dir='ltr'>ipsa</span> <span class='ocrx_word' id='word_1_78' title='bbox 1425 1006 1540 1083; x_wconf 71' lang='lat' dir='ltr'>lugeat?</span> 
     </span>
     <span class='ocr_line' id='line_1_8' title="bbox 260 1103 1539 1185; baseline 0.002 -20"><span class='ocrx_word' id='word_1_79' title='bbox 260 1103 310 1165; x_wconf 88' lang='lat' dir='ltr'>ubi</span> <span class='ocrx_word' id='word_1_80' title='bbox 333 1113 361 1166; x_wconf 86' lang='lat' dir='ltr'>te</span> <span class='ocrx_word' id='word_1_81' title='bbox 383 1105 467 1166; x_wconf 89' lang='lat' dir='ltr'>dolor</span> <span class='ocrx_word' id='word_1_82' title='bbox 489 1104 608 1173; x_wconf 84' lang='lat' dir='ltr'>lrabeat,</span> <span class='ocrx_word' id='word_1_83' title='bbox 631 1106 692 1185; x_wconf 89' lang='lat' dir='ltr'>ipsa</span> <span class='ocrx_word' id='word_1_84' title='bbox 716 1103 809 1165; x_wconf 75' lang='lat' dir='ltr'>laetitia</span> <span class='ocrx_word' id='word_1_85' title='bbox 833 1105 968 1166; x_wconf 79' lang='lat' dir='ltr'>insultet?</span> <span class='ocrx_word' id='word_1_86' title='bbox 989 1107 1013 1166; x_wconf 84' lang='lat' dir='ltr'>si</span> <span class='ocrx_word' id='word_1_87' title='bbox 1035 1108 1131 1167; x_wconf 88' lang='lat' dir='ltr'>onmia</span> <span class='ocrx_word' id='word_1_88' title='bbox 1154 1106 1275 1168; x_wconf 84' lang='lat' dir='ltr'>adrorse</span> <span class='ocrx_word' id='word_1_89' title='bbox 1297 1114 1378 1184; x_wconf 86' lang='lat' dir='ltr'>agat,</span> <span class='ocrx_word' id='word_1_90' title='bbox 1402 1107 1472 1168; x_wconf 88' lang='lat' dir='ltr'>nibil</span> <span class='ocrx_word' id='word_1_91' title='bbox 1495 1127 1539 1167; x_wconf 85' lang='lat' dir='ltr'>se·</span> 
     </span>
     <span class='ocr_line' id='line_1_9' title="bbox 261 1204 1540 1288; baseline 0.002 -20"><span class='ocrx_word' id='word_1_92' title='bbox 261 1208 389 1268; x_wconf 77' lang='lat' dir='ltr'>erundum</span> <span class='ocrx_word' id='word_1_93' title='bbox 412 1214 491 1268; x_wconf 87' lang='lat' dir='ltr'>tuam</span> <span class='ocrx_word' id='word_1_94' title='bbox 513 1204 707 1268; x_wconf 79' lang='lat' dir='ltr'>voluntatem?</span> <span class='ocrx_word' id='word_1_95' title='bbox 728 1215 759 1267; x_wconf 90' lang='lat' dir='ltr'>tu</span> <span class='ocrx_word' id='word_1_96' title='bbox 783 1215 878 1267; x_wconf 86' lang='lat' dir='ltr'>autem</span> <span class='ocrx_word' id='word_1_97' title='bbox 902 1214 1002 1286; x_wconf 82' lang='lat' dir='ltr'>peetus</span> <span class='ocrx_word' id='word_1_98' title='bbox 1024 1215 1106 1268; x_wconf 92' lang='lat' dir='ltr'>tmnn</span> <span class='ocrx_word' id='word_1_99' title='bbox 1127 1211 1241 1288; x_wconf 86' lang='lat' dir='ltr'>aperies</span> <span class='ocrx_word' id='word_1_100' title='bbox 1263 1209 1377 1270; x_wconf 86' lang='lat' dir='ltr'>mulieri</span> <span class='ocrx_word' id='word_1_101' title='bbox 1391 1218 1441 1269; x_wconf 89' lang='lat' dir='ltr'>aut</span> <span class='ocrx_word' id='word_1_102' title='bbox 1455 1211 1540 1270; x_wconf 76' lang='lat' dir='ltr'>errori</span> 
     </span>
     <span class='ocr_line' id='line_1_10' title="bbox 261 1309 574 1371; baseline -0.003 -2"><span class='ocrx_word' id='word_1_103' title='bbox 261 1317 372 1371; x_wconf 78' lang='lat' dir='ltr'>secreta</span> <span class='ocrx_word' id='word_1_104' title='bbox 394 1309 574 1370; x_wconf 81' lang='lat' dir='ltr'>eornmittesi</span> 
     </span>
    </p>

    <p class='ocr_par' dir='ltr' id='par_1_3' title="bbox 194 1409 1572 1492">
     <span class='ocr_line' id='line_1_11' title="bbox 194 1409 1572 1492; baseline -0.007 -17"><span class='ocrx_word' id='word_1_105' title='bbox 194 1424 251 1475; x_wconf 77' lang='lat' dir='ltr'>tn.</span> <span class='ocrx_word' id='word_1_106' title='bbox 324 1432 495 1473; x_wconf 71' lang='lat' dir='ltr'>urrunnun.</span> <span class='ocrx_word' id='word_1_107' title='bbox 534 1410 608 1471; x_wconf 87' lang='lat' dir='ltr'>Satis</span> <span class='ocrx_word' id='word_1_108' title='bbox 630 1409 830 1489; x_wconf 82' lang='lat' dir='ltr'>philosophata</span> <span class='ocrx_word' id='word_1_109' title='bbox 854 1428 900 1479; x_wconf 77' lang='lat' dir='ltr'>es:</span> <span class='ocrx_word' id='word_1_110' title='bbox 924 1412 958 1472; x_wconf 86' lang='lat' dir='ltr'>da</span> <span class='ocrx_word' id='word_1_111' title='bbox 981 1430 1118 1480; x_wconf 80' lang='lat' dir='ltr'>uxorem3</span> <span class='ocrx_word' id='word_1_112' title='bbox 1141 1411 1178 1472; x_wconf 89' lang='lat' dir='ltr'>de</span> <span class='ocrx_word' id='word_1_113' title='bbox 1200 1411 1245 1472; x_wconf 87' lang='lat' dir='ltr'>bis</span> <span class='ocrx_word' id='word_1_114' title='bbox 1267 1413 1329 1492; x_wconf 85' lang='lat' dir='ltr'>ipse</span> <span class='ocrx_word' id='word_1_115' title='bbox 1351 1413 1458 1473; x_wconf 79' lang='lat' dir='ltr'>videro.</span> <span class='ocrx_word' id='word_1_116' title='bbox 1548 1427 1572 1466; x_wconf 88' lang='grc' dir='ltr'>ιι</span> 
     </span>
    </p>

    <p class='ocr_par' dir='ltr' id='par_1_4' title="bbox 261 1510 1539 1675">
     <span class='ocr_line' id='line_1_12' title="bbox 322 1510 1539 1590; baseline -0.002 -15"><span class='ocrx_word' id='word_1_117' title='bbox 322 1533 472 1575; x_wconf 77' lang='lat' dir='ltr'>ronrrsa.</span> <span class='ocrx_word' id='word_1_118' title='bbox 512 1510 604 1582; x_wconf 81' lang='lat' dir='ltr'>Quam</span> <span class='ocrx_word' id='word_1_119' title='bbox 632 1510 681 1573; x_wconf 89' lang='lat' dir='ltr'>ubi</span> <span class='ocrx_word' id='word_1_120' title='bbox 710 1519 811 1572; x_wconf 81' lang='lat' dir='ltr'>nactus</span> <span class='ocrx_word' id='word_1_121' title='bbox 841 1512 944 1582; x_wconf 65' lang='lat' dir='ltr'>tueris</span> <span class='ocrx_word' id='word_1_122' title='bbox 974 1515 1011 1572; x_wconf 82' lang='lat' dir='ltr'>ita</span> <span class='ocrx_word' id='word_1_123' title='bbox 1039 1515 1129 1573; x_wconf 90' lang='lat' dir='ltr'>otium</span> <span class='ocrx_word' id='word_1_124' title='bbox 1153 1531 1237 1590; x_wconf 86' lang='lat' dir='ltr'>ages,</span> <span class='ocrx_word' id='word_1_125' title='bbox 1268 1520 1300 1574; x_wconf 89' lang='lat' dir='ltr'>ut</span> <span class='ocrx_word' id='word_1_126' title='bbox 1328 1514 1446 1573; x_wconf 87' lang='lat' dir='ltr'>omnino</span> <span class='ocrx_word' id='word_1_127' title='bbox 1468 1513 1539 1574; x_wconf 86' lang='lat' dir='ltr'>nibil</span> 
     </span>
     <span class='ocr_line' id='line_1_13' title="bbox 261 1615 365 1675; baseline -0.01 0"><span class='ocrx_word' id='word_1_128' title='bbox 261 1615 365 1675; x_wconf 69' lang='lat' dir='ltr'>sarias?</span> 
     </span>
    </p>

    <p class='ocr_par' dir='ltr' id='par_1_5' title="bbox 258 1714 1571 2288">
     <span class='ocr_line' id='line_1_14' title="bbox 322 1714 1538 1796; baseline -0.001 -18"><span class='ocrx_word' id='word_1_129' title='bbox 322 1736 493 1778; x_wconf 75' lang='lat' dir='ltr'>m&#39;rrexvs.</span> <span class='ocrx_word' id='word_1_130' title='bbox 530 1716 622 1777; x_wconf 85' lang='lat' dir='ltr'>lmnto</span> <span class='ocrx_word' id='word_1_131' title='bbox 638 1714 745 1793; x_wconf 86' lang='lat' dir='ltr'>aliquid</span> <span class='ocrx_word' id='word_1_132' title='bbox 761 1734 893 1794; x_wconf 86' lang='lat' dir='ltr'>semper.</span> <span class='ocrx_word' id='word_1_133' title='bbox 910 1715 1055 1796; x_wconf 80' lang='lat' dir='ltr'>quoddam</span> <span class='ocrx_word' id='word_1_134' title='bbox 1071 1718 1147 1777; x_wconf 84' lang='lat' dir='ltr'>euim</span> <span class='ocrx_word' id='word_1_135' title='bbox 1163 1718 1345 1792; x_wconf 83' lang='lat' dir='ltr'>negotiosum</span> <span class='ocrx_word' id='word_1_136' title='bbox 1362 1715 1431 1778; x_wconf 82' lang='lat' dir='ltr'>nrilti</span> <span class='ocrx_word' id='word_1_137' title='bbox 1447 1719 1538 1777; x_wconf 88' lang='lat' dir='ltr'>otium</span> 
     </span>
     <span class='ocr_line' id='line_1_15' title="bbox 259 1815 1537 1899; baseline 0.002 -21"><span class='ocrx_word' id='word_1_138' title='bbox 259 1837 408 1899; x_wconf 83' lang='lat' dir='ltr'>propono,</span> <span class='ocrx_word' id='word_1_139' title='bbox 433 1815 486 1878; x_wconf 73' lang='lat' dir='ltr'>ruisi</span> <span class='ocrx_word' id='word_1_140' title='bbox 508 1834 565 1877; x_wconf 92' lang='lat' dir='ltr'>nou</span> <span class='ocrx_word' id='word_1_141' title='bbox 589 1815 710 1877; x_wconf 90' lang='lat' dir='ltr'>multum</span> <span class='ocrx_word' id='word_1_142' title='bbox 734 1827 823 1896; x_wconf 85' lang='lat' dir='ltr'>agunt</span> <span class='ocrx_word' id='word_1_143' title='bbox 844 1816 1012 1897; x_wconf 85' lang='lat' dir='ltr'>aliquando,</span> <span class='ocrx_word' id='word_1_144' title='bbox 1036 1825 1068 1877; x_wconf 89' lang='lat' dir='ltr'>ut</span> <span class='ocrx_word' id='word_1_145' title='bbox 1083 1818 1194 1878; x_wconf 82' lang='lat' dir='ltr'>Seneca</span> <span class='ocrx_word' id='word_1_146' title='bbox 1217 1819 1270 1887; x_wconf 85' lang='lat' dir='ltr'>ait,</span> <span class='ocrx_word' id='word_1_147' title='bbox 1294 1820 1342 1897; x_wconf 84' lang='lat' dir='ltr'>qui</span> <span class='ocrx_word' id='word_1_148' title='bbox 1365 1817 1434 1878; x_wconf 87' lang='lat' dir='ltr'>nilul</span> <span class='ocrx_word' id='word_1_149' title='bbox 1450 1837 1537 1896; x_wconf 82' lang='lat' dir='ltr'>agere</span> 
     </span>
     <span class='ocr_line' id='line_1_16' title="bbox 260 1916 1571 2000; baseline 0 -20"><span class='ocrx_word' id='word_1_150' title='bbox 260 1921 407 1989; x_wconf 88' lang='lat' dir='ltr'>ridentur,</span> <span class='ocrx_word' id='word_1_151' title='bbox 431 1916 668 1997; x_wconf 85' lang='lat' dir='ltr'>contemplabor,</span> <span class='ocrx_word' id='word_1_152' title='bbox 692 1919 831 1988; x_wconf 79' lang='lat' dir='ltr'>stridebo,</span> <span class='ocrx_word' id='word_1_153' title='bbox 854 1918 963 1995; x_wconf 84' lang='lat' dir='ltr'>legam,</span> <span class='ocrx_word' id='word_1_154' title='bbox 987 1917 1175 1980; x_wconf 84' lang='lat' dir='ltr'>elrrrubrabo.</span> <span class='ocrx_word' id='word_1_155' title='bbox 1221 1919 1468 2000; x_wconf 75' lang='lat' dir='ltr'>Odespderabile</span> <span class='ocrx_word' id='word_1_156' title='bbox 1484 1920 1571 1980; x_wconf 77' lang='lat' dir='ltr'>bon</span> 
     </span>
     <span class='ocr_line' id='line_1_17' title="bbox 258 2020 1535 2101; baseline -0.001 -19"><span class='ocrx_word' id='word_1_157' title='bbox 258 2041 345 2092; x_wconf 88' lang='lat' dir='ltr'>num,</span> <span class='ocrx_word' id='word_1_158' title='bbox 379 2024 506 2101; x_wconf 86' lang='lat' dir='ltr'>optatum</span> <span class='ocrx_word' id='word_1_159' title='bbox 541 2029 673 2100; x_wconf 89' lang='lat' dir='ltr'>portum,</span> <span class='ocrx_word' id='word_1_160' title='bbox 708 2020 821 2081; x_wconf 84' lang='lat' dir='ltr'>beatam</span> <span class='ocrx_word' id='word_1_161' title='bbox 850 2020 1101 2100; x_wconf 85' lang='lat' dir='ltr'>tranquillitatem:</span> <span class='ocrx_word' id='word_1_162' title='bbox 1133 2022 1190 2082; x_wconf 83' lang='lat' dir='ltr'>duo</span> <span class='ocrx_word' id='word_1_163' title='bbox 1222 2041 1269 2082; x_wconf 89' lang='lat' dir='ltr'>me</span> <span class='ocrx_word' id='word_1_164' title='bbox 1296 2039 1349 2099; x_wconf 86' lang='lat' dir='ltr'>ago</span> <span class='ocrx_word' id='word_1_165' title='bbox 1377 2023 1412 2082; x_wconf 85' lang='lat' dir='ltr'>ad</span> <span class='ocrx_word' id='word_1_166' title='bbox 1442 2025 1535 2091; x_wconf 79' lang='lat' dir='ltr'>vitam,</span> 
     </span>
     <span class='ocr_line' id='line_1_18' title="bbox 260 2121 1536 2203; baseline 0 -19"><span class='ocrx_word' id='word_1_167' title='bbox 260 2127 286 2184; x_wconf 93' lang='lat' dir='ltr'>in</span> <span class='ocrx_word' id='word_1_168' title='bbox 310 2124 443 2203; x_wconf 84' lang='lat' dir='ltr'>quaerit</span> <span class='ocrx_word' id='word_1_169' title='bbox 470 2125 559 2184; x_wconf 91' lang='lat' dir='ltr'>otium</span> <span class='ocrx_word' id='word_1_170' title='bbox 590 2140 657 2183; x_wconf 87' lang='lat' dir='ltr'>eum</span> <span class='ocrx_word' id='word_1_171' title='bbox 687 2123 841 2200; x_wconf 87' lang='lat' dir='ltr'>dignitate,</span> <span class='ocrx_word' id='word_1_172' title='bbox 871 2125 1018 2199; x_wconf 88' lang='lat' dir='ltr'>negotium</span> <span class='ocrx_word' id='word_1_173' title='bbox 1044 2124 1106 2184; x_wconf 89' lang='lat' dir='ltr'>siue</span> <span class='ocrx_word' id='word_1_174' title='bbox 1135 2121 1282 2201; x_wconf 79' lang='lat' dir='ltr'>periculo:</span> <span class='ocrx_word' id='word_1_175' title='bbox 1311 2124 1374 2185; x_wconf 75' lang='lat' dir='ltr'>liar</span> <span class='ocrx_word' id='word_1_176' title='bbox 1404 2131 1536 2185; x_wconf 84' lang='lat' dir='ltr'>votorum</span> 
     </span>
     <span class='ocr_line' id='line_1_19' title="bbox 259 2232 465 2288; baseline -0.005 -2"><span class='ocrx_word' id='word_1_177' title='bbox 259 2244 372 2288; x_wconf 82' lang='lat' dir='ltr'>summa</span> <span class='ocrx_word' id='word_1_178' title='bbox 395 2232 465 2286; x_wconf 84' lang='lat' dir='ltr'>osto.</span> 
     </span>
    </p>

    <p class='ocr_par' dir='ltr' id='par_1_6' title="bbox 191 2326 1570 2508">
     <span class='ocr_line' id='line_1_20' title="bbox 191 2326 1536 2408; baseline -0.002 -17"><span class='ocrx_word' id='word_1_179' title='bbox 191 2341 251 2391; x_wconf 77' lang='lat' dir='ltr'>§.sa</span> <span class='ocrx_word' id='word_1_180' title='bbox 324 2348 473 2390; x_wconf 72' lang='lat' dir='ltr'>rourum.</span> <span class='ocrx_word' id='word_1_181' title='bbox 511 2326 620 2388; x_wconf 87' lang='lat' dir='ltr'>Vereor</span> <span class='ocrx_word' id='word_1_182' title='bbox 646 2343 683 2387; x_wconf 89' lang='lat' dir='ltr'>no</span> <span class='ocrx_word' id='word_1_183' title='bbox 713 2327 877 2387; x_wconf 74' lang='lat' dir='ltr'>amittendae</span> <span class='ocrx_word' id='word_1_184' title='bbox 905 2327 1050 2405; x_wconf 85' lang='lat' dir='ltr'>dignitatis</span> <span class='ocrx_word' id='word_1_185' title='bbox 1078 2333 1172 2388; x_wconf 89' lang='lat' dir='ltr'>metus</span> <span class='ocrx_word' id='word_1_186' title='bbox 1199 2327 1236 2388; x_wconf 82' lang='lat' dir='ltr'>ab</span> <span class='ocrx_word' id='word_1_187' title='bbox 1267 2329 1325 2388; x_wconf 90' lang='lat' dir='ltr'>otio</span> <span class='ocrx_word' id='word_1_188' title='bbox 1354 2335 1382 2387; x_wconf 89' lang='lat' dir='ltr'>te</span> <span class='ocrx_word' id='word_1_189' title='bbox 1405 2327 1536 2408; x_wconf 82' lang='lat' dir='ltr'>repellat,</span> 
     </span>
     <span class='ocr_line' id='line_1_21' title="bbox 258 2429 1570 2508; baseline -0.005 -17"><span class='ocrx_word' id='word_1_190' title='bbox 258 2430 308 2493; x_wconf 85' lang='lat' dir='ltr'>alit</span> <span class='ocrx_word' id='word_1_191' title='bbox 329 2432 406 2492; x_wconf 85' lang='lat' dir='ltr'>enim</span> <span class='ocrx_word' id='word_1_192' title='bbox 428 2429 594 2508; x_wconf 85' lang='lat' dir='ltr'>dignitatem</span> <span class='ocrx_word' id='word_1_193' title='bbox 617 2430 773 2505; x_wconf 88' lang='lat' dir='ltr'>negotium.</span> <span class='ocrx_word' id='word_1_194' title='bbox 1543 2445 1570 2485; x_wconf 76' lang='lat' dir='ltr'>ao</span> 
     </span>
    </p>

    <p class='ocr_par' dir='ltr' id='par_1_7' title="bbox 257 2529 1535 2916">
     <span class='ocr_line' id='line_1_22' title="bbox 320 2529 1535 2610; baseline -0.001 -17"><span class='ocrx_word' id='word_1_195' title='bbox 320 2552 490 2593; x_wconf 71' lang='lat' dir='ltr'>tirrannus</span> <span class='ocrx_word' id='word_1_196' title='bbox 527 2529 601 2592; x_wconf 91' lang='lat' dir='ltr'>lllud</span> <span class='ocrx_word' id='word_1_197' title='bbox 629 2529 809 2590; x_wconf 87' lang='lat' dir='ltr'>laboriosum</span> <span class='ocrx_word' id='word_1_198' title='bbox 836 2531 1001 2608; x_wconf 88' lang='lat' dir='ltr'>negotium,</span> <span class='ocrx_word' id='word_1_199' title='bbox 1035 2549 1136 2591; x_wconf 78' lang='lat' dir='ltr'>verram</span> <span class='ocrx_word' id='word_1_200' title='bbox 1165 2531 1250 2601; x_wconf 86' lang='lat' dir='ltr'>diois,</span> <span class='ocrx_word' id='word_1_201' title='bbox 1279 2540 1340 2592; x_wconf 93' lang='lat' dir='ltr'>tum</span> <span class='ocrx_word' id='word_1_202' title='bbox 1368 2532 1451 2592; x_wconf 85' lang='lat' dir='ltr'>aliam</span> <span class='ocrx_word' id='word_1_203' title='bbox 1481 2550 1535 2610; x_wconf 86' lang='lat' dir='ltr'>ego</span> 
     </span>
     <span class='ocr_line' id='line_1_23' title="bbox 258 2631 1534 2714; baseline -0.001 -19"><span class='ocrx_word' id='word_1_204' title='bbox 258 2654 344 2714; x_wconf 84' lang='lat' dir='ltr'>qrram</span> <span class='ocrx_word' id='word_1_205' title='bbox 368 2637 395 2695; x_wconf 91' lang='lat' dir='ltr'>in</span> <span class='ocrx_word' id='word_1_206' title='bbox 418 2633 490 2693; x_wconf 89' lang='lat' dir='ltr'>aulis</span> <span class='ocrx_word' id='word_1_207' title='bbox 512 2635 557 2692; x_wconf 89' lang='lat' dir='ltr'>isti</span> <span class='ocrx_word' id='word_1_208' title='bbox 580 2631 747 2710; x_wconf 87' lang='lat' dir='ltr'>dignitatem</span> <span class='ocrx_word' id='word_1_209' title='bbox 770 2639 871 2699; x_wconf 81' lang='lat' dir='ltr'>tueor:</span> <span class='ocrx_word' id='word_1_210' title='bbox 894 2632 945 2692; x_wconf 90' lang='lat' dir='ltr'>sed</span> <span class='ocrx_word' id='word_1_211' title='bbox 968 2634 1023 2692; x_wconf 85' lang='lat' dir='ltr'>iarn</span> <span class='ocrx_word' id='word_1_212' title='bbox 1047 2651 1163 2693; x_wconf 87' lang='lat' dir='ltr'>omnem</span> <span class='ocrx_word' id='word_1_213' title='bbox 1186 2651 1263 2712; x_wconf 89' lang='lat' dir='ltr'>poue</span> <span class='ocrx_word' id='word_1_214' title='bbox 1285 2652 1339 2712; x_wconf 88' lang='lat' dir='ltr'>pro</span> <span class='ocrx_word' id='word_1_215' title='bbox 1362 2652 1409 2694; x_wconf 92' lang='lat' dir='ltr'>mo</span> <span class='ocrx_word' id='word_1_216' title='bbox 1424 2653 1534 2701; x_wconf 88' lang='lat' dir='ltr'>curam,</span> 
     </span>
     <span class='ocr_line' id='line_1_24' title="bbox 257 2734 1534 2813; baseline -0.002 -15"><span class='ocrx_word' id='word_1_217' title='bbox 257 2745 368 2798; x_wconf 89' lang='lat' dir='ltr'>tantum</span> <span class='ocrx_word' id='word_1_218' title='bbox 390 2734 460 2796; x_wconf 91' lang='lat' dir='ltr'>illud</span> <span class='ocrx_word' id='word_1_219' title='bbox 483 2735 517 2794; x_wconf 89' lang='lat' dir='ltr'>da</span> <span class='ocrx_word' id='word_1_220' title='bbox 540 2734 618 2813; x_wconf 82' lang='lat' dir='ltr'>qrrod</span> <span class='ocrx_word' id='word_1_221' title='bbox 641 2752 710 2802; x_wconf 88' lang='lat' dir='ltr'>oro,</span> <span class='ocrx_word' id='word_1_222' title='bbox 733 2734 770 2793; x_wconf 91' lang='lat' dir='ltr'>sit</span> <span class='ocrx_word' id='word_1_223' title='bbox 792 2752 881 2802; x_wconf 87' lang='lat' dir='ltr'>uxor,</span> <span class='ocrx_word' id='word_1_224' title='bbox 910 2735 967 2793; x_wconf 88' lang='lat' dir='ltr'>sint</span> <span class='ocrx_word' id='word_1_225' title='bbox 989 2735 1166 2803; x_wconf 78' lang='lat' dir='ltr'>necessaria,</span> <span class='ocrx_word' id='word_1_226' title='bbox 1196 2735 1281 2794; x_wconf 82' lang='lat' dir='ltr'>ritant</span> <span class='ocrx_word' id='word_1_227' title='bbox 1305 2737 1480 2796; x_wconf 79' lang='lat' dir='ltr'>constituere</span> <span class='ocrx_word' id='word_1_228' title='bbox 1502 2735 1534 2796; x_wconf 92' lang='lat' dir='ltr'>li·</span> 
     </span>
     <span class='ocr_line' id='line_1_25' title="bbox 257 2828 734 2916; baseline -0.01 -15"><span class='ocrx_word' id='word_1_229' title='bbox 257 2846 321 2901; x_wconf 86' lang='lat' dir='ltr'>oeat</span> <span class='ocrx_word' id='word_1_230' title='bbox 343 2837 499 2916; x_wconf 76' lang='lat' dir='ltr'>frugalem,</span> <span class='ocrx_word' id='word_1_231' title='bbox 523 2828 734 2916; x_wconf 76' lang='grc' dir='ltr'>αὐτάρκειαν.</span> 
     </span>
    </p>

    <p class='ocr_par' dir='ltr' id='par_1_8' title="bbox 318 2937 1566 3002">
     <span class='ocr_line' id='line_1_26' title="bbox 318 2937 1566 3002; baseline -0.006 1"><span class='ocrx_word' id='word_1_232' title='bbox 318 2959 468 3002; x_wconf 74' lang='lat' dir='ltr'>rourum.</span> <span class='ocrx_word' id='word_1_233' title='bbox 505 2939 541 2998; x_wconf 81' lang='lat' dir='ltr'>nt</span> <span class='ocrx_word' id='word_1_234' title='bbox 562 2939 619 2999; x_wconf 86' lang='lat' dir='ltr'>iam</span> <span class='ocrx_word' id='word_1_235' title='bbox 640 2937 798 2998; x_wconf 89' lang='lat' dir='ltr'>ditissimus</span> <span class='ocrx_word' id='word_1_236' title='bbox 820 2957 860 2998; x_wconf 76' lang='lat' dir='ltr'>es,</span> <span class='ocrx_word' id='word_1_237' title='bbox 1540 2956 1566 2995; x_wconf 76' lang='lat' dir='ltr'>es</span> 
     </span>
    </p>

    <p class='ocr_par' dir='ltr' id='par_1_9' title="bbox 319 3039 1134 3118">
     <span class='ocr_line' id='line_1_27' title="bbox 319 3039 1134 3118; baseline -0.006 -14"><span class='ocrx_word' id='word_1_238' title='bbox 319 3061 489 3104; x_wconf 74' lang='lat' dir='ltr'>emersura.</span> <span class='ocrx_word' id='word_1_239' title='bbox 526 3040 588 3118; x_wconf 84' lang='lat' dir='ltr'>Ego</span> <span class='ocrx_word' id='word_1_240' title='bbox 610 3040 784 3102; x_wconf 78' lang='lat' dir='ltr'>ditissimus?</span> <span class='ocrx_word' id='word_1_241' title='bbox 806 3040 912 3099; x_wconf 82' lang='lat' dir='ltr'>siccine</span> <span class='ocrx_word' id='word_1_242' title='bbox 934 3039 1038 3108; x_wconf 83' lang='lat' dir='ltr'>illudis&#39;,</span> <span class='ocrx_word' id='word_1_243' title='bbox 1062 3039 1134 3100; x_wconf 78' lang='lat' dir='ltr'>deal</span> 
     </span>
    </p>

    <p class='ocr_par' dir='ltr' id='par_1_10' title="bbox 256 3141 1532 3326">
     <span class='ocr_line' id='line_1_28' title="bbox 319 3141 1532 3221; baseline -0.003 -14"><span class='ocrx_word' id='word_1_244' title='bbox 319 3164 471 3207; x_wconf 64' lang='lat' dir='ltr'>rotimus.</span> <span class='ocrx_word' id='word_1_245' title='bbox 507 3145 550 3202; x_wconf 78' lang='lat' dir='ltr'>bn</span> <span class='ocrx_word' id='word_1_246' title='bbox 572 3159 631 3202; x_wconf 94' lang='lat' dir='ltr'>non</span> <span class='ocrx_word' id='word_1_247' title='bbox 653 3142 810 3203; x_wconf 85' lang='lat' dir='ltr'>ditissimus</span> <span class='ocrx_word' id='word_1_248' title='bbox 831 3143 881 3221; x_wconf 86' lang='lat' dir='ltr'>qui</span> <span class='ocrx_word' id='word_1_249' title='bbox 904 3141 959 3202; x_wconf 89' lang='lat' dir='ltr'>boo</span> <span class='ocrx_word' id='word_1_250' title='bbox 975 3160 1006 3202; x_wconf 91' lang='lat' dir='ltr'>es</span> <span class='ocrx_word' id='word_1_251' title='bbox 1020 3142 1117 3201; x_wconf 84' lang='lat' dir='ltr'>artirno</span> <span class='ocrx_word' id='word_1_252' title='bbox 1132 3141 1287 3218; x_wconf 72' lang='lat' dir='ltr'>praelitas?</span> <span class='ocrx_word' id='word_1_253' title='bbox 1309 3142 1441 3220; x_wconf 83' lang='lat' dir='ltr'>proiecto</span> <span class='ocrx_word' id='word_1_254' title='bbox 1457 3143 1532 3204; x_wconf 87' lang='lat' dir='ltr'>euim</span> 
     </span>
     <span class='ocr_line' id='line_1_29' title="bbox 256 3243 1167 3326; baseline -0.007 -18"><span class='ocrx_word' id='word_1_255' title='bbox 256 3265 394 3326; x_wconf 86' lang='lat' dir='ltr'>magnum</span> <span class='ocrx_word' id='word_1_256' title='bbox 417 3251 475 3314; x_wconf 88' lang='lat' dir='ltr'>est,</span> <span class='ocrx_word' id='word_1_257' title='bbox 499 3251 531 3305; x_wconf 89' lang='lat' dir='ltr'>ut</span> <span class='ocrx_word' id='word_1_258' title='bbox 552 3245 668 3324; x_wconf 76' lang='lat' dir='ltr'>nitidam</span> <span class='ocrx_word' id='word_1_259' title='bbox 691 3244 743 3313; x_wconf 89' lang='lat' dir='ltr'>ait,</span> <span class='ocrx_word' id='word_1_260' title='bbox 766 3243 887 3320; x_wconf 76' lang='lat' dir='ltr'>uectigal</span> <span class='ocrx_word' id='word_1_261' title='bbox 910 3245 1040 3305; x_wconf 88' lang='lat' dir='ltr'>modeste</span> <span class='ocrx_word' id='word_1_262' title='bbox 1063 3244 1167 3304; x_wconf 84' lang='lat' dir='ltr'>rivere.</span> 
     </span>
    </p>

    <p class='ocr_par' dir='ltr' id='par_1_11' title="bbox 189 3343 1566 3824">
     <span class='ocr_line' id='line_1_30' title="bbox 189 3343 1531 3424; baseline -0.005 -10"><span class='ocrx_word' id='word_1_263' title='bbox 189 3363 247 3414; x_wconf 79' lang='lat' dir='ltr'>§.se</span> <span class='ocrx_word' id='word_1_264' title='bbox 319 3366 490 3410; x_wconf 72' lang='lat' dir='ltr'>merenas.</span> <span class='ocrx_word' id='word_1_265' title='bbox 528 3345 641 3408; x_wconf 89' lang='lat' dir='ltr'>Utinam</span> <span class='ocrx_word' id='word_1_266' title='bbox 670 3363 703 3405; x_wconf 89' lang='lat' dir='ltr'>re</span> <span class='ocrx_word' id='word_1_267' title='bbox 731 3343 777 3404; x_wconf 86' lang='lat' dir='ltr'>illa</span> <span class='ocrx_word' id='word_1_268' title='bbox 806 3364 870 3424; x_wconf 76' lang='lat' dir='ltr'>qua·-</span> <span class='ocrx_word' id='word_1_269' title='bbox 898 3347 926 3406; x_wconf 93' lang='lat' dir='ltr'>in</span> <span class='ocrx_word' id='word_1_270' title='bbox 955 3347 1050 3405; x_wconf 86' lang='lat' dir='ltr'>auimo</span> <span class='ocrx_word' id='word_1_271' title='bbox 1072 3346 1196 3421; x_wconf 86' lang='lat' dir='ltr'>agitatur</span> <span class='ocrx_word' id='word_1_272' title='bbox 1218 3346 1272 3406; x_wconf 89' lang='lat' dir='ltr'>sim</span> <span class='ocrx_word' id='word_1_273' title='bbox 1295 3346 1446 3424; x_wconf 67' lang='lat' dir='ltr'>{traditus</span> <span class='ocrx_word' id='word_1_274' title='bbox 1475 3365 1531 3407; x_wconf 95' lang='lat' dir='ltr'>non</span> 
     </span>
     <span class='ocr_line' id='line_1_31' title="bbox 257 3446 1566 3528; baseline -0.003 -16"><span class='ocrx_word' id='word_1_275' title='bbox 257 3453 313 3512; x_wconf 89' lang='lat' dir='ltr'>boe</span> <span class='ocrx_word' id='word_1_276' title='bbox 334 3457 445 3510; x_wconf 89' lang='lat' dir='ltr'>tautum</span> <span class='ocrx_word' id='word_1_277' title='bbox 467 3450 571 3508; x_wconf 91' lang='lat' dir='ltr'>animo.</span> <span class='ocrx_word' id='word_1_278' title='bbox 616 3454 647 3507; x_wconf 91' lang='lat' dir='ltr'>tu</span> <span class='ocrx_word' id='word_1_279' title='bbox 676 3465 743 3507; x_wconf 83' lang='lat' dir='ltr'>roro</span> <span class='ocrx_word' id='word_1_280' title='bbox 773 3454 842 3507; x_wconf 92' lang='lat' dir='ltr'>tuno</span> <span class='ocrx_word' id='word_1_281' title='bbox 869 3454 949 3507; x_wconf 84' lang='lat' dir='ltr'>recte</span> <span class='ocrx_word' id='word_1_282' title='bbox 976 3446 1092 3506; x_wconf 79' lang='lat' dir='ltr'>vorabis</span> <span class='ocrx_word' id='word_1_283' title='bbox 1121 3446 1292 3507; x_wconf 85' lang='lat' dir='ltr'>ditissimum</span> <span class='ocrx_word' id='word_1_284' title='bbox 1322 3449 1389 3522; x_wconf 78' lang='lat' dir='ltr'>(raon</span> <span class='ocrx_word' id='word_1_285' title='bbox 1412 3448 1566 3528; x_wconf 68' lang='lat' dir='ltr'>qrridemtt</span> 
     </span>
     <span class='ocr_line' id='line_1_32' title="bbox 256 3547 1531 3627; baseline -0.003 -13"><span class='ocrx_word' id='word_1_286' title='bbox 256 3561 289 3614; x_wconf 89' lang='lat' dir='ltr'>ut</span> <span class='ocrx_word' id='word_1_287' title='bbox 310 3554 355 3613; x_wconf 86' lang='lat' dir='ltr'>isti</span> <span class='ocrx_word' id='word_1_288' title='bbox 383 3557 450 3612; x_wconf 87' lang='lat' dir='ltr'>sunt</span> <span class='ocrx_word' id='word_1_289' title='bbox 479 3549 563 3626; x_wconf 85' lang='lat' dir='ltr'>vulgo</span> <span class='ocrx_word' id='word_1_290' title='bbox 593 3550 709 3617; x_wconf 84' lang='lat' dir='ltr'>divites,</span> <span class='ocrx_word' id='word_1_291' title='bbox 739 3548 790 3609; x_wconf 86' lang='lat' dir='ltr'>sed</span> <span class='ocrx_word' id='word_1_292' title='bbox 820 3555 851 3607; x_wconf 94' lang='lat' dir='ltr'>ut</span> <span class='ocrx_word' id='word_1_293' title='bbox 879 3547 956 3608; x_wconf 89' lang='lat' dir='ltr'>beati</span> <span class='ocrx_word' id='word_1_294' title='bbox 985 3547 1023 3608; x_wconf 88' lang='lat' dir='ltr'>illi</span> <span class='ocrx_word' id='word_1_295' title='bbox 1051 3549 1112 3627; x_wconf 88' lang='lat' dir='ltr'>qui,</span> <span class='ocrx_word' id='word_1_296' title='bbox 1143 3555 1174 3607; x_wconf 95' lang='lat' dir='ltr'>ut</span> <span class='ocrx_word' id='word_1_297' title='bbox 1196 3548 1355 3609; x_wconf 84' lang='lat' dir='ltr'>llermruler</span> <span class='ocrx_word' id='word_1_298' title='bbox 1381 3552 1435 3619; x_wconf 87' lang='lat' dir='ltr'>ait,</span> <span class='ocrx_word' id='word_1_299' title='bbox 1465 3569 1531 3610; x_wconf 85' lang='grc' dir='ltr'>ιιιιιι</span> 
     </span>
     <span class='ocr_line' id='line_1_33' title="bbox 257 3649 1531 3732; baseline -0.004 -16"><span class='ocrx_word' id='word_1_300' title='bbox 257 3661 353 3716; x_wconf 87' lang='lat' dir='ltr'>ruente</span> <span class='ocrx_word' id='word_1_301' title='bbox 375 3651 525 3732; x_wconf 85' lang='lat' dir='ltr'>possident</span> <span class='ocrx_word' id='word_1_302' title='bbox 546 3651 677 3728; x_wconf 81' lang='lat' dir='ltr'>diuitiasl,</span> <span class='ocrx_word' id='word_1_303' title='bbox 700 3658 770 3710; x_wconf 88' lang='lat' dir='ltr'>tune</span> <span class='ocrx_word' id='word_1_304' title='bbox 793 3657 872 3711; x_wconf 86' lang='lat' dir='ltr'>reete</span> <span class='ocrx_word' id='word_1_305' title='bbox 896 3649 1024 3717; x_wconf 79' lang='lat' dir='ltr'>vocabis,</span> <span class='ocrx_word' id='word_1_306' title='bbox 1048 3650 1180 3728; x_wconf 77' lang='lat' dir='ltr'>inpiam,</span> <span class='ocrx_word' id='word_1_307' title='bbox 1211 3668 1276 3709; x_wconf 89' lang='lat' dir='ltr'>cum</span> <span class='ocrx_word' id='word_1_308' title='bbox 1300 3651 1340 3709; x_wconf 87' lang='lat' dir='ltr'>sie</span> <span class='ocrx_word' id='word_1_309' title='bbox 1364 3653 1458 3712; x_wconf 78' lang='lat' dir='ltr'>rivere</span> <span class='ocrx_word' id='word_1_310' title='bbox 1481 3651 1531 3711; x_wconf 80' lang='lat' dir='ltr'>‹la-</span> 
     </span>
     <span class='ocr_line' id='line_1_34' title="bbox 256 3754 724 3824; baseline -0.013 -7"><span class='ocrx_word' id='word_1_311' title='bbox 256 3765 315 3817; x_wconf 90' lang='lat' dir='ltr'>tum</span> <span class='ocrx_word' id='word_1_312' title='bbox 339 3757 438 3824; x_wconf 73' lang='lat' dir='ltr'>tuterit,</span> <span class='ocrx_word' id='word_1_313' title='bbox 461 3754 510 3814; x_wconf 85' lang='lat' dir='ltr'>tali</span> <span class='ocrx_word' id='word_1_314' title='bbox 533 3772 598 3814; x_wconf 88' lang='lat' dir='ltr'>eum</span> <span class='ocrx_word' id='word_1_315' title='bbox 622 3770 724 3812; x_wconf 83' lang='lat' dir='ltr'>uxore.</span> 
     </span>
    </p>

    <p class='ocr_par' dir='ltr' id='par_1_12' title="bbox 186 3850 1482 3921">
     <span class='ocr_line' id='line_1_35' title="bbox 186 3850 1482 3921; baseline -0.005 -1"><span class='ocrx_word' id='word_1_316' title='bbox 186 3869 244 3920; x_wconf 70' lang='lat' dir='ltr'>§.st</span> <span class='ocrx_word' id='word_1_317' title='bbox 316 3878 467 3921; x_wconf 71' lang='lat' dir='ltr'><strong>FORTVNA.</strong></span> <span class='ocrx_word' id='word_1_318' title='bbox 504 3857 540 3918; x_wconf 83' lang='lat' dir='ltr'>At</span> <span class='ocrx_word' id='word_1_319' title='bbox 562 3855 659 3915; x_wconf 82' lang='lat' dir='ltr'>nescio</span> <span class='ocrx_word' id='word_1_320' title='bbox 682 3871 717 3913; x_wconf 90' lang='lat' dir='ltr'>an</span> <span class='ocrx_word' id='word_1_321' title='bbox 741 3850 826 3913; x_wconf 89' lang='lat' dir='ltr'>talem</span> <span class='ocrx_word' id='word_1_322' title='bbox 850 3852 972 3913; x_wconf 84' lang='lat' dir='ltr'>babeam</span> <span class='ocrx_word' id='word_1_323' title='bbox 995 3850 1146 3913; x_wconf 86' lang='lat' dir='ltr'>mulierem</span> <span class='ocrx_word' id='word_1_324' title='bbox 1168 3859 1229 3911; x_wconf 91' lang='lat' dir='ltr'>toto</span> <span class='ocrx_word' id='word_1_325' title='bbox 1251 3852 1279 3912; x_wconf 88' lang='lat' dir='ltr'>in</span> <span class='ocrx_word' id='word_1_326' title='bbox 1302 3871 1395 3913; x_wconf 87' lang='lat' dir='ltr'>eoruu</span> <span class='ocrx_word' id='word_1_327' title='bbox 1417 3853 1482 3914; x_wconf 90' lang='lat' dir='ltr'>boo.</span> 
     </span>
    </p>

    <p class='ocr_par' dir='ltr' id='par_1_13' title="bbox 316 3933 1563 4036">
     <span class='ocr_line' id='line_1_36' title="bbox 316 3933 1563 4036; baseline -0.006 -14"><span class='ocrx_word' id='word_1_328' title='bbox 316 3979 487 4023; x_wconf 76' lang='lat' dir='ltr'>maranus.</span> <span class='ocrx_word' id='word_1_329' title='bbox 524 3958 588 4036; x_wconf 89' lang='lat' dir='ltr'>lpse</span> <span class='ocrx_word' id='word_1_330' title='bbox 610 3955 774 4033; x_wconf 85' lang='lat' dir='ltr'>inspiciarn;</span> <span class='ocrx_word' id='word_1_331' title='bbox 803 3933 889 4034; x_wconf 78' lang='lat' dir='ltr'>alque</span> <span class='ocrx_word' id='word_1_332' title='bbox 911 3953 984 4015; x_wconf 89' lang='lat' dir='ltr'>adeo</span> <span class='ocrx_word' id='word_1_333' title='bbox 1007 3963 1086 4023; x_wconf 88' lang='lat' dir='ltr'>tone,</span> <span class='ocrx_word' id='word_1_334' title='bbox 1115 3961 1197 4023; x_wconf 88' lang='lat' dir='ltr'>tene,</span> <span class='ocrx_word' id='word_1_335' title='bbox 1225 3954 1338 4015; x_wconf 88' lang='lat' dir='ltr'>inreuta</span> <span class='ocrx_word' id='word_1_336' title='bbox 1362 3961 1420 4015; x_wconf 88' lang='lat' dir='ltr'>est:</span> <span class='ocrx_word' id='word_1_337' title='bbox 1451 3966 1563 4036; x_wconf 62' lang='lat' dir='ltr'>qua-b</span> 
     </span>
    </p>
   </div>
   <div class='ocr_carea' id='block_1_3' title="bbox 253 4131 453 4142">
    <p class='ocr_par' dir='ltr' id='par_1_14' title="bbox 253 4131 453 4142">
     <span class='ocr_line' id='line_1_37' title="bbox 253 4131 453 4142; baseline -0.005 -1"><span class='ocrx_word' id='word_1_338' title='bbox 253 4131 453 4142; x_wconf 69' lang='grc' dir='ltr'>ι--ι-ι</span> 
     </span>
    </p>
   </div>
   <div class='ocr_carea' id='block_1_4' title="bbox 251 4242 1530 4733">
    <p class='ocr_par' dir='ltr' id='par_1_15' title="bbox 251 4242 1530 4733">
     <span class='ocr_line' id='line_1_38' title="bbox 321 4242 1530 4309; baseline -0.002 -12"><span class='ocrx_word' id='word_1_339' title='bbox 321 4247 341 4280; x_wconf 80' lang='lat'>¹⁸</span> <span class='ocrx_word' id='word_1_340' title='bbox 360 4242 514 4309; x_wconf 76' lang='lat' dir='ltr'>urr&#39;rruvs]</span> <span class='ocrx_word' id='word_1_341' title='bbox 533 4259 594 4294; x_wconf 81' lang='lat' dir='ltr'>rou.</span> <span class='ocrx_word' id='word_1_342' title='bbox 609 4247 632 4294; x_wconf 78' lang='lat' dir='ltr'>t.</span> <span class='ocrx_word' id='word_1_343' title='bbox 645 4259 780 4308; x_wconf 83' lang='lat' dir='ltr'>operarum</span> <span class='ocrx_word' id='word_1_344' title='bbox 797 4258 896 4293; x_wconf 77' lang='lat' dir='ltr'>errore.</span> <span class='ocrx_word' id='word_1_345' title='bbox 965 4243 1044 4303; x_wconf 81' lang='lat' dir='ltr'>„Non</span> <span class='ocrx_word' id='word_1_346' title='bbox 1067 4242 1170 4292; x_wconf 81' lang='lat' dir='ltr'>babent</span> <span class='ocrx_word' id='word_1_347' title='bbox 1193 4243 1238 4292; x_wconf 85' lang='lat' dir='ltr'>isti</span> <span class='ocrx_word' id='word_1_348' title='bbox 1262 4244 1359 4304; x_wconf 86' lang='lat' dir='ltr'>otium,</span> <span class='ocrx_word' id='word_1_349' title='bbox 1385 4243 1433 4294; x_wconf 82' lang='lat' dir='ltr'>sed</span> <span class='ocrx_word' id='word_1_350' title='bbox 1457 4244 1530 4294; x_wconf 82' lang='lat' dir='ltr'>iners</span> 
     </span>
     <span class='ocr_line' id='line_1_39' title="bbox 253 4317 1528 4398; baseline -0.004 -16"><span class='ocrx_word' id='word_1_351' title='bbox 253 4333 409 4398; x_wconf 85' lang='lat' dir='ltr'>nogotium”</span> <span class='ocrx_word' id='word_1_352' title='bbox 427 4330 524 4379; x_wconf 81' lang='lat' dir='ltr'>Seueo.</span> <span class='ocrx_word' id='word_1_353' title='bbox 538 4329 572 4378; x_wconf 87' lang='lat' dir='ltr'>de</span> <span class='ocrx_word' id='word_1_354' title='bbox 590 4329 665 4378; x_wconf 88' lang='lat' dir='ltr'>brer.</span> <span class='ocrx_word' id='word_1_355' title='bbox 678 4329 726 4378; x_wconf 86' lang='lat' dir='ltr'>rit.</span> <span class='ocrx_word' id='word_1_356' title='bbox 743 4329 782 4390; x_wconf 79' lang='lat'>12,</span> <span class='ocrx_word' id='word_1_357' title='bbox 795 4338 815 4377; x_wconf 79' lang='lat'>5.</span> <span class='ocrx_word' id='word_1_358' title='bbox 880 4326 901 4359; x_wconf 78' lang='lat'>¹⁰</span> <span class='ocrx_word' id='word_1_359' title='bbox 919 4327 993 4376; x_wconf 87' lang='lat' dir='ltr'>bont.</span> <span class='ocrx_word' id='word_1_360' title='bbox 1008 4325 1106 4393; x_wconf 84' lang='lat' dir='ltr'>tranq.]</span> <span class='ocrx_word' id='word_1_361' title='bbox 1127 4327 1169 4377; x_wconf 78' lang='lat' dir='ltr'>Cf.</span> <span class='ocrx_word' id='word_1_362' title='bbox 1183 4329 1206 4389; x_wconf 67' lang='lat'>5.</span> <span class='ocrx_word' id='word_1_363' title='bbox 1220 4329 1246 4378; x_wconf 80' lang='lat'>4.</span> <span class='ocrx_word' id='word_1_364' title='bbox 1306 4327 1328 4360; x_wconf 81' lang='lat'>²⁴</span> <span class='ocrx_word' id='word_1_365' title='bbox 1345 4317 1528 4393; x_wconf 69' lang='grc' dir='ltr'>αὐτάρκειαν]</span> 
     </span>
     <span class='ocr_line' id='line_1_40' title="bbox 254 4402 1528 4483; baseline -0.004 -16"><span class='ocrx_word' id='word_1_366' title='bbox 254 4417 371 4467; x_wconf 82' lang='lat' dir='ltr'>animum</span> <span class='ocrx_word' id='word_1_367' title='bbox 389 4430 439 4465; x_wconf 79' lang='lat' dir='ltr'>stra</span> <span class='ocrx_word' id='word_1_368' title='bbox 452 4419 524 4463; x_wconf 85' lang='lat' dir='ltr'>sorte</span> <span class='ocrx_word' id='word_1_369' title='bbox 538 4418 704 4476; x_wconf 82' lang='lat' dir='ltr'>contentum,</span> <span class='ocrx_word' id='word_1_370' title='bbox 724 4410 925 4483; x_wconf 61' lang='lat' dir='ltr'>&amp;rttltglmultlt</span> <span class='ocrx_word' id='word_1_371' title='bbox 949 4414 1089 4478; x_wconf 70' lang='lat' dir='ltr'>Smapaerit</span> <span class='ocrx_word' id='word_1_372' title='bbox 1101 4402 1252 4477; x_wconf 66' lang='grc' dir='ltr'><strong><em>αὐτάρκεα,</em></strong></span> <span class='ocrx_word' id='word_1_373' title='bbox 1272 4419 1303 4462; x_wconf 90' lang='lat' dir='ltr'>ut</span> <span class='ocrx_word' id='word_1_374' title='bbox 1320 4415 1456 4463; x_wconf 79' lang='lat' dir='ltr'>advitam</span> <span class='ocrx_word' id='word_1_375' title='bbox 1474 4422 1528 4463; x_wconf 84' lang='lat' dir='ltr'>tra·</span> 
     </span>
     <span class='ocr_line' id='line_1_41' title="bbox 252 4495 1527 4565; baseline -0.001 -15"><span class='ocrx_word' id='word_1_376' title='bbox 252 4502 327 4550; x_wconf 83' lang='lat' dir='ltr'>detur</span> <span class='ocrx_word' id='word_1_377' title='bbox 343 4501 532 4565; x_wconf 73' lang='lat' dir='ltr'>vocabulumque</span> <span class='ocrx_word' id='word_1_378' title='bbox 551 4498 685 4563; x_wconf 78' lang='lat' dir='ltr'>frugalem</span> <span class='ocrx_word' id='word_1_379' title='bbox 703 4503 844 4562; x_wconf 79' lang='lat' dir='ltr'>nnrplisicet.</span> <span class='ocrx_word' id='word_1_380' title='bbox 896 4495 918 4528; x_wconf 67' lang='lat'>²³</span> <span class='ocrx_word' id='word_1_381' title='bbox 936 4495 1381 4563; x_wconf 78' lang='lat' dir='ltr'>quidum]Cio.parad.l⁷1.3‚tt.</span> <span class='ocrx_word' id='word_1_382' title='bbox 1401 4515 1475 4560; x_wconf 86' lang='lat' dir='ltr'>„non</span> <span class='ocrx_word' id='word_1_383' title='bbox 1487 4502 1527 4548; x_wconf 89' lang='lat' dir='ltr'>in·</span> 
     </span>
     <span class='ocr_line' id='line_1_42' title="bbox 251 4581 1526 4651; baseline -0.001 -17"><span class='ocrx_word' id='word_1_384' title='bbox 251 4584 386 4651; x_wconf 72' lang='lat' dir='ltr'>tellegunt</span> <span class='ocrx_word' id='word_1_385' title='bbox 404 4585 526 4635; x_wconf 85' lang='lat' dir='ltr'>homines</span> <span class='ocrx_word' id='word_1_386' title='bbox 545 4599 625 4648; x_wconf 84' lang='lat' dir='ltr'>quem</span> <span class='ocrx_word' id='word_1_387' title='bbox 648 4599 774 4647; x_wconf 79' lang='lat' dir='ltr'>maguum</span> <span class='ocrx_word' id='word_1_388' title='bbox 798 4581 919 4645; x_wconf 75' lang='lat' dir='ltr'>uectigal</span> <span class='ocrx_word' id='word_1_389' title='bbox 943 4582 979 4630; x_wconf 89' lang='lat' dir='ltr'>sit</span> <span class='ocrx_word' id='word_1_390' title='bbox 1002 4583 1194 4645; x_wconf 74' lang='lat' dir='ltr'>prassinronio.”</span> <span class='ocrx_word' id='word_1_391' title='bbox 1263 4582 1283 4616; x_wconf 73' lang='lat'>³¹</span> <span class='ocrx_word' id='word_1_392' title='bbox 1304 4581 1462 4648; x_wconf 79' lang='lat' dir='ltr'>Menander]</span> <span class='ocrx_word' id='word_1_393' title='bbox 1483 4600 1526 4650; x_wconf 87' lang='lat' dir='ltr'>up.</span> 
     </span>
     <span class='ocr_line' id='line_1_43' title="bbox 252 4655 1197 4733; baseline 0 -15"><span class='ocrx_word' id='word_1_394' title='bbox 252 4667 327 4722; x_wconf 82' lang='lat' dir='ltr'>Stob.</span> <span class='ocrx_word' id='word_1_395' title='bbox 341 4670 435 4721; x_wconf 80' lang='lat' dir='ltr'>Floril.</span> <span class='ocrx_word' id='word_1_396' title='bbox 448 4669 544 4721; x_wconf 84' lang='lat' dir='ltr'>XCIV.</span> <span class='ocrx_word' id='word_1_397' title='bbox 557 4669 580 4719; x_wconf 78' lang='lat' dir='ltr'>i.</span> <span class='ocrx_word' id='word_1_398' title='bbox 594 4660 746 4732; x_wconf 77' lang='grc' dir='ltr'>Μακάριος</span> <span class='ocrx_word' id='word_1_399' title='bbox 764 4655 838 4724; x_wconf 77' lang='grc' dir='ltr'>ὅστις</span> <span class='ocrx_word' id='word_1_400' title='bbox 856 4655 957 4715; x_wconf 71' lang='grc' dir='ltr'>οὐσίαν</span> <span class='ocrx_word' id='word_1_401' title='bbox 974 4662 1024 4715; x_wconf 76' lang='grc' dir='ltr'>καὶ</span> <span class='ocrx_word' id='word_1_402' title='bbox 1042 4665 1112 4716; x_wconf 79' lang='grc' dir='ltr'><strong><em>νοῦν</em></strong></span> <span class='ocrx_word' id='word_1_403' title='bbox 1131 4660 1197 4733; x_wconf 71' lang='grc' dir='ltr'>ἔχει.</span> 
     </span>
    </p>
   </div>
   <div class='ocr_carea' id='block_1_5' title="bbox 80 4898 263 5052">
    <p class='ocr_par' dir='ltr' id='par_1_16' title="bbox 80 4898 263 5052">
     <span class='ocr_line' id='line_1_44' title="bbox 80 4898 263 5052; baseline 0 0"><span class='ocrx_word' id='word_1_404' title='bbox 80 4898 263 5052; x_wconf 65' lang='lat' dir='ltr'>fl</span> 
     </span>
    </p>
   </div>
   <div class='ocr_carea' id='block_1_6' title="bbox 0 0 1696 5370">
    <p class='ocr_par' dir='ltr' id='par_1_17' title="bbox 0 0 1696 5370">
     <span class='ocr_line' id='line_1_45' title="bbox 0 0 1696 5370; baseline 0 6"><span class='ocrx_word' id='word_1_405' title='bbox 0 0 1696 5370; x_wconf 95' lang='lat' dir='ltr'> </span> 
     </span>
    </p>
   </div>
  </div>
 </body>
</html>
