3382 5370
224 354 296 425 514
662 382 778 417 DitLour
803 383 1072 418 rsuvuouvrrirutct.

155 542 367 607 §.raoiucimros
389 541 536 616 prostituta
559 540 593 596 aii
615 539 827 597 liomameusiiius
849 541 909 597 istis
931 541 1105 597 commercari
1128 539 1228 596 lieolrit.
1272 539 1402 597 liaioruna
1424 539 1507 595 etiam

225 628 376 684 reddituum
399 626 548 682 sacerdotia
579 625 636 700 ipsc
666 625 717 681 sint
746 625 867 699 pssrrtiien
895 626 1033 682 vendenda
1055 626 1167 681 retinet:
1196 625 1306 681 solvunt
1336 625 1408 681 enim
1438 642 1507 699 quas

226 721 337 768 armatas
359 719 471 767 vocant:
498 719 525 767 et
552 728 606 785 quo
630 710 695 766 niliil
719 711 896 772 retineamus.
929 710 994 784 quin
1017 710 1056 766 eis
1079 710 1106 766 in
1128 709 1246 783 prmdam
1268 710 1345 766 cedat
1365 727 1417 766 ceu
1441 727 1505 767 ores

223 797 309 872 lupis.
333 797 383 853 lios
405 796 436 852 ad
460 796 593 852 minorum
616 795 768 852 reddituum
791 795 924 851 sentienda
950 795 1098 851 sacerdotia
1120 795 1172 852 huc
1195 795 1226 850 ad
1243 812 1293 850 nos
1309 795 1401 850 mittit.
1439 795 1506 863 uus

223 882 312 938 omnia
335 891 427 937 nostra
450 880 517 936 irunt
539 880 678 943 socordia,
710 879 843 954 nobisque
865 881 993 936 utramuis
1015 881 1042 937 in
1064 897 1156 936 aurem
1179 879 1525 936 seeu1·eriormientibus.s

225 967 400 1041 Expectemus
423 965 562 1040 {nardulum
584 965 757 1039 sinamusque
779 965 897 1038 grassari
920 965 970 1021 iios
1001 965 1117 1027 diutius.
1147 972 1234 1021 vestes
1264 981 1371 1038 quoque
1394 973 1505 1020 nostras

223 1052 338 1108 vendent
361 1050 458 1126 quilius
481 1050 627 1125 placuerit.
656 1059 738 1124 aliiue
768 1051 873 1106 tantiam
896 1067 993 1106 uxores
1017 1067 1133 1124 imoque.
1178 1049 1242 1123 quid
1270 1067 1333 1105 vcro
1356 1051 1433 1124 peius
1457 1067 1507 1123 pss-

223 1137 288 1193 tcrit
309 1136 455 1210 exesigitari
478 1153 595 1210 linquam
619 1153 697 1209 quum
721 1134 773 1191 iliae
797 1153 863 1209 quas
886 1144 980 1191 vocant
1003 1135 1166 1210 pensiones?
1194 1133 1261 1190 nihii
1288 1135 1413 1208 proiecto
1442 1143 1506 1189 sunt

222 1221 294 1278 aliud
317 1238 395 1296 quam
418 1229 578 1295 praetentus,
609 1219 708 1294 quilius
730 1218 821 1276 Simon
845 1219 889 1275 ilie
912 1220 1045 1293 pessimus
1068 1219 1221 1292 «obtegitur.
1252 1220 1297 1294 qui
1320 1218 1419 1274 Christi
1444 1217 1506 1273 ioco

224 1307 323 1381 primas
346 1307 372 1362 in
394 1305 493 1361 Christi
515 1305 594 1361 niodo
616 1304 728 1362 ecclesia
751 1315 841 1380 partes
864 1305 953 1361 inaltet.
1518 1317 1540 1358 m

156 1399 226 1449 cam.
289 1392 450 1466 Legatos.
488 1390 540 1446 iias
562 1407 634 1446 meas
657 1389 798 1447 facultates
823 1398 865 1452 in.
889 1389 996 1451 lisono,
1021 1389 1072 1447 iam
1095 1389 1221 1446 memoria
1244 1388 1450 1463 complecteris?

290 1477 415 1533 iienno.
453 1475 548 1532 'i'euaci
571 1474 721 1531 admodum.

290 1562 452 1634 Legatos.
488 1559 541 1616 Fac
562 1576 628 1630 ergo
651 1559 763 1616 sentiam
787 1567 859 1615 tuam
883 1560 1050 1616 iudustriam.

290 1647 383 1702 i'uer.
421 1645 477 1718 Ego
500 1644 562 1701 liuic
584 1644 769 1701 nomenclator
790 1662 853 1707 ero.
876 1645 986 1718 egregie
1008 1645 1079 1700 enini
1102 1645 1198 1701 doetus
1220 1644 1268 1700 abs
1291 1654 1316 1700 te
1339 1662 1408 1700 sum

157 1737 223 1788 §.ton
287 1731 445 1804 Legatos.
484 1729 566 1787 i'acca
589 1738 648 1792 tua,
671 1729 778 1791 Hunno,
802 1730 865 1785 milii
889 1748 943 1786 non
967 1739 1008 1786 est
1032 1746 1116 1804 opus:
1140 1739 1184 1792 tn,
1211 1730 1316 1786 vendita
1339 1747 1385 1789 ea.
1409 1730 1441 1785 ad
1466 1744 1542 1786 mem

225 1817 363 1890 riecriuiam
385 1824 504 1890 portato.

288 1900 414 1957 lienno.
452 1900 565 1956 Faciam.

287 1987 452 2059 Legatos.
490 1986 524 2040 lt
552 1985 632 2041 modo
660 2003 712 2057 ego
742 1984 849 2041 iuterim
878 1984 977 2040 iiuilam
1006 1985 1053 2041 tilii
1082 1993 1110 2040 et
1137 1985 1271 2041 conscribi
1294 1993 1321 2040 et
1344 1985 1446 2057 signari
1471 1985 1510 2039 iu·

227 2071 310 2133 laelio,
334 2079 363 2126 nt
387 2088 446 2126 cum
470 2071 583 2144 pecunia
604 2070 689 2132 arisit,
713 2088 769 2127 earn
792 2079 912 2144 paratam
936 2071 1062 2126 invenias.

158 2170 225 2220 §.tan
290 2155 413 2211 ilenno
450 2155 528 2210 iiodo
550 2173 592 2211 eo.
638 2154 717 2216 iaie.
737 2155 853 2211 ‹inmino
1519 2170 1545 2208 ao

290 2241 446 2314 imgatns.
484 2239 584 2296 Valete.

290 2326 385 2381 Puer.
422 2326 540 2400 Propere
564 2325 621 2386 aiii.
645 2324 748 2381 iienno.

290 2410 414 2467 iienuo.
453 2410 507 2465 lior
530 2428 615 2481 again.
660 2409 723 2465 Vale
747 2411 870 2472 interim,
895 2411 928 2466 rui
954 2411 1058 2472 liruno.
1082 2411 1183 2485 optime.
1206 2411 1239 2466 de
1262 2428 1303 2466 me
1326 2411 1431 2465 merite.

290 2497 384 2551 l'urr.
423 2494 495 2551 i'ale.

819 2596 910 2638 rrum.

730 2829 778 2880 Al)
797 2829 1005 2881 LECTOREM.

292 2937 319 2992 Si
343 2937 406 3012 quid
436 2946 476 2998 tr,
505 2935 605 2996 lector.
636 2935 792 2996 «offenderit.
822 2953 917 3010 aequns
946 2936 1077 2997 italicam.
1108 2954 1157 3012 pro
1184 2936 1326 2992 atrocitate
1356 2938 1395 2992 rei
1425 2936 1512 2992 adlruc

228 3022 296 3080 nilril
320 3024 385 3078 satis
414 3030 464 3077 ost.
509 3020 595 3076 Edessa
624 3020 681 3076 lime
709 3029 772 3077 sunt
800 3021 893 3081 morio.
922 3020 994 3076 imeri
1020 3021 1124 3085 ,maiora
1154 3022 1330 3096 gravioraque
1353 3029 1513 3097 expectato:

230 3126 317 3183 neilus
340 3108 472 3163 ‹tostsunt
494 3107 545 3162 urei
569 3105 665 3181 reliqui
688 3107 759 3161 eires
782 3123 877 3178 magno
901 3123 1013 3162 numero
1037 3106 1087 3161 iioe
1110 3106 1189 3162 modo
1212 3107 1343 3178 grassari.
1372 3106 1424 3161 nisi
1455 3115 1515 3162 tan-

228 3195 288 3249 dem
312 3193 354 3248 iris
376 3209 429 3247 nou
454 3191 571 3247 serendis
593 3191 670 3247 malis
692 3191 791 3247 illiristi
816 3190 947 3247 liberetur
968 3191 1094 3252 ecclesia.
1125 3209 1155 3245 ac
1178 3191 1316 3248 Germania
1345 3208 1422 3246 suum
1447 3194 1551 3247 reti-³⁰

230 3287 292 3335 neat
314 3295 422 3337 aurum.
445 3295 475 3332 ur
498 3294 585 3333 veram
608 3276 641 3332 ali
665 3276 696 3331 iis
720 3275 878 3349 religionem
901 3276 994 3332 discat.
1039 3277 1077 3331 i'u
1101 3277 1208 3332 inierim
1230 3276 1288 3333 haec
1311 3275 1404 3349 legens
1428 3277 1515 3332 risum

229 3364 382 3423 continuio.
407 3363 470 3418 iloto
492 3362 593 3436 potiris.

739 3549 860 3590 Pbavnr.
881 3547 1012 3594 LECTOR·

774 3649 893 3691 OCVLOS
917 3650 972 3691 IAM

806 3751 940 3793 RECEPIT

787 3853 955 3894 uitulinum.

303 4021 311 4054 ¹
330 4017 487 4088 prostituto]
503 4036 545 4085 op.
559 4019 590 4072 F.
604 4035 702 4071 tronum
715 4019 857 4084 proposito
869 4019 1034 4070 sacerdotio.
1087 4018 1097 4051 ²
1116 4019 1250 4069 redituum
1265 4022 1291 4072 3.
1341 4018 1351 4047 ·'¹
1368 4020 1401 4070 In
1414 4027 1519 4072 intram-

236 4107 278 4156 ris
297 4121 389 4157 ararem
408 4106 538 4157 dormire.
558 4094 592 4154 iu
610 4094 764 4169 duoviratus
781 4095 815 4152 τὰ
833 4089 891 4154 ὦτα
908 4096 1079 4163 καθεύδειν,
1097 4105 1132 4155 de
1150 4107 1248 4171 eripiam
1266 4105 1426 4156 securitate.
1464 4108 1520 4157 Te-

238 4196 307 4243 roni.
320 4192 422 4240 Heaut.
437 4190 471 4240 11.
485 4187 559 4251 ildito.
612 4190 623 4219 ⁸
641 4190 816 4239 pensiones*
868 4187 889 4220 ³³
908 4190 967 4240 lraec
985 4191 1054 4241 onnia.
1069 4193 1092 4239 2.
1103 4193 1128 4240 3.
