3382 5370
213 345 284 413 502
649 374 763 408 manum
783 374 1050 408 PSEVDOHVTTERICI.

210 540 328 593 ematur.
351 548 402 603 ego
425 531 561 603 paenuriam
585 549 644 587 cnm
667 533 733 587 meis
756 531 842 606 pontiae
863 548 963 605 prope;
985 538 1013 586 ct
1034 530 1085 585 nisi
1108 530 1195 586 omnia
1217 529 1299 586 obulo
1313 531 1411 586 deinde
1427 547 1492 585 reu·

210 617 317 677 didero,
340 624 427 671 aetiam
449 616 502 670 erit
524 633 641 678 macram.
665 625 745 690 atquc
767 616 798 670 ad
821 615 912 671 restim
934 616 1083 688 famemque
1099 615 1204 671 taudem
1220 631 1263 670 res
1278 615 1374 670 veniet.
1413 614 1491 671 Salsa

213 719 256 756 res
279 709 334 755 est:
358 700 417 761 bis,
441 717 510 773 qiios
532 700 608 756 rideo
631 710 783 776 erirpturos.
807 699 907 772 aliaprid
930 718 989 755 esse
1011 707 1131 774 apparet.

143 804 203 852 ger,
276 786 371 840 Puer.
410 785 490 841 lleete
514 784 632 841 intellexi
656 786 757 847 omnia,
787 783 853 839 nibil
884 785 979 840 luorum
1002 783 1065 840 milri
1089 784 1245 840 intercidet:
1272 792 1349 858 gesta
1372 783 1406 839 ab
1430 803 1492 840 sese

181 856 186 875 '
211 867 289 943 plane
312 868 458 944 apostolica
481 871 628 925 enarravit:
651 869 717 925 nibil
739 878 793 930 est,
817 869 838 925 si
861 887 920 925 cnm
941 869 992 927 buc
1007 869 1039 924 ad
1054 878 1150 943 gentos
1165 869 1274 925 missura
1290 868 1401 925 l‘aulum
1417 882 1514 926 com-⁵

210 954 354 1030 parareris.
398 953 466 1021 Quia
488 954 620 1027 procidis,
644 955 753 1011 llerrno'l

274 1039 400 1094 llenno.
439 1038 551 1094 llumilis
573 1040 724 1095 sanctitatis
748 1047 842 1095 vestrm
865 1047 959 1094 orator
981 1039 1028 1093 bas
1050 1038 1143 1095 literas
1166 1047 1310 1113 prraesento.

273 1125 370 1179 Puer.
410 1124 488 1178 Certe
509 1132 614 1179 arator:
638 1125 755 1180 rusticus
778 1123 835 1197 ipse
857 1124 1005 1179 exosculari
1030 1123 1137 1186 literas,
1156 1123 1378 1197 quemadmodum
1400 1124 1492 1186 (locui,

210 1209 341 1282 neglexit.
364 1208 430 1264 adeo
453 1225 506 1263 rrcrn
529 1217 620 1282 potest
641 1227 720 1265 siriam
743 1209 822 1264 etiam
845 1207 919 1263 illum
942 1226 1038 1264 exercre
1061 1209 1198 1264 rusticum.

273 1293 430 1366 laegatus.
468 1293 563 1348 lenate
585 1293 729 1349 laonriuem.
766 1292 905 1361 Quomodo
921 1311 981 1348 sese
996 1292 1077 1348 babet
1090 1293 1215 1350 ‹loadnus
1230 1293 1402 1349 bartolinus?
1425 1311 1491 1349 num
1505 1307 1527 1345 ro

210 1395 242 1433 cx
265 1377 353 1434 scabie
374 1376 553 1434 convalescit?
582 1378 690 1452 lnrligae
719 1379 843 1451 prolecto
864 1377 980 1450 contigit
1001 1378 1072 1433 bono
1095 1378 1152 1434 viro
1174 1387 1201 1434 et
1229 1378 1362 1435 indrmtrio
1393 1379 1492 1433 iniuria

211 1462 441 1536 contumeliaque,
465 1480 517 1536 epm
539 1462 572 1517 ab
595 1462 649 1519 illis
671 1462 739 1519 uitale
762 1471 901 1518 tractatur.
947 1462 1041 1519 l'erurn
1066 1473 1108 1524 tu,
1140 1464 1213 1537 quod
1236 1463 1283 1520 tibi
1306 1481 1406 1519 nomen
1430 1468 1492 1519 cst?

143 1562 201 1612 §.aa
274 1548 400 1603 lleano.
437 1546 567 1602 lleanoui.

273 1632 431 1704 Legatos.
469 1631 594 1688 llusticus
616 1632 721 1706 opinor.

273 1715 396 1772 llenno.
434 1717 471 1771 lta
495 1725 548 1778 est,
572 1734 671 1790 negare
694 1734 746 1772 raon
770 1734 888 1790 possrnu.

273 1801 429 1873 Legatos.
467 1802 543 1869 dirod
566 1819 634 1875 opus
657 1804 782 1857 exerces?

274 1885 396 1941 llcuno.
434 1885 640 1958 dgrimrltnram.

273 1970 436 2044 Legatus.
473 1971 510 2026 Ex
531 1970 631 2026 domini
655 1971 781 2027 llartoliui
804 1970 892 2026 litoris
915 1970 978 2043 apud
1002 1969 1067 2025 nelis
1091 1969 1230 2043 intelligo.
1260 1980 1291 2026 ut
1320 1970 1424 2027 seilicet
1446 1971 1493 2027 ab·

210 2054 330 2110 solvatur
351 2055 467 2128 piriruum
490 2055 523 2112 ab
545 2055 649 2112 incestu
672 2055 756 2118 filins,
779 2074 834 2129 quo
858 2056 883 2110 in
907 2055 1023 2111 secundo
1046 2055 1128 2127 gradu
1151 2055 1392 2128 consanguinitatis
1415 2057 1494 2112 vitia·

210 2138 245 2194 vit
269 2140 411 2212 uirginem.
434 2140 530 2197 deinde
552 2158 662 2197 uxorem
685 2159 793 2215 qnoque
814 2148 1016 2214 constupratam
1038 2158 1052 2195 a
1074 2158 1103 2195 sc
1131 2140 1257 2214 accipiat:
1286 2158 1351 2207 eane
1378 2141 1527 2215 petitio-m

209 2224 250 2278 nis
273 2228 392 2281 sitrrrmat

273 2309 397 2365 lleano.
435 2310 479 2367 Ea.

141 2412 200 2461 §.ou
273 2394 430 2467 lagaros.
469 2395 570 2463 Quanta
594 2404 683 2452 autem
706 2395 763 2452 banc
786 2397 852 2457 sint,
877 2413 936 2468 qum
960 2412 1009 2469 pro
1031 2393 1087 2449 lilio
1109 2403 1199 2468 petas.
1223 2395 1321 2469 accipe.
1355 2396 1492 2470 principio

208 2478 297 2534 scelus
324 2489 366 2535 cst
393 2481 594 2553 gratissimum.
628 2481 700 2553 quod
730 2480 806 2554 leges
834 2480 914 2536 ctiam
936 2479 1082 2554 prophana
1109 2479 1197 2553 capito
1220 2480 1347 2554 puniunt.
1380 2489 1493 2536 coustu-

209 2581 288 2637 prare
312 2563 456 2637 virginem.
481 2565 546 2621 illud
569 2565 685 2622 adimere
709 2565 779 2638 iptrod
804 2566 860 2638 ipse
884 2565 962 2620 etiarn
985 2565 1051 2620 dcam
1073 2582 1126 2620 non
1142 2571 1234 2637 potest
1249 2565 1409 2621 restituere:
1434 2572 1529 2621 tunnas

209 2656 297 2704 aretem
320 2666 410 2705 ansam
432 2650 491 2725 ipsc
514 2659 576 2706 taus
597 2651 672 2706 dedit
693 2650 764 2705 filius
786 2649 910 2723 pluribus
939 2667 997 2706 sese
1026 2649 1197 2710 sirbiicieudi,
1225 2667 1256 2704 ae
1284 2659 1418 2723 quaestum
1446 2651 1494 2706 de·

210 2835 274 2872 uere
297 2819 338 2874 ris
361 2826 458 2893 potens
481 2828 522 2875 est
544 2819 654 2876 mulier:
684 2837 743 2893 (puae
772 2819 877 2874 tandem
906 2819 994 2875 oneraria
1016 2828 1124 2893 peecata
1146 2819 1172 2874 in
1195 2817 1310 2893 primum
1333 2820 1421 2894 stupri
1445 2839 1493 2877 au·

141 2914 199 2964 §.aa
212 2902 316 2958 tborcnr
340 2912 488 2960 vertuntur.
533 2904 585 2961 huc
607 2905 708 2962 accedit
730 2903 861 2960 secundus
875 2904 1119 2976 consanguinitatis
1133 2903 1246 2975 gradus.
1269 2921 1348 2977 quem
1364 2923 1412 2960 vos
1427 2914 1493 2962 ante

208 3005 301 3043 ornnes
323 2989 446 3044 llermani
469 2999 669 3047 sacrosanctum
690 2987 898 3063 inuiolatumque
921 2988 1084 3050 observatis,
1113 2989 1179 3044 adeo
1207 2996 1236 3043 nt
1264 2990 1528 3063 comprehensumao

208 3072 253 3144 apd
277 3071 303 3126 ia
327 3090 387 3128 enin
410 3073 547 3131 libidinem
568 3074 716 3149 expleverit
738 3091 828 3137 suam,
860 3073 914 3145 igni
937 3073 1103 3129 adiudicctis.
1142 3091 1202 3146 quae
1231 3072 1346 3135 scelera,
1375 3083 1492 3148 praeter·

209 3173 287 3230 quam
312 3158 383 3231 rpaaod
407 3176 514 3230 grauem
536 3166 633 3234 petunt
656 3159 857 3232 pmrritentiam,
880 3158 1030 3232 pernitioso
1054 3157 1134 3214 etiam
1156 3158 1225 3232 apud
1248 3176 1310 3220 vos,
1341 3159 1363 3214 si
1389 3168 1492 3216 temere

208 3259 238 3298 ac
260 3241 316 3297 cito
338 3241 527 3306 absolvantur.
556 3243 678 3319 exemplo
701 3244 803 3299 dorent.
849 3260 903 3315 iguo
926 3242 956 3298 tit
978 3251 1007 3299 ut
1031 3243 1053 3298 si
1077 3243 1260 3317 impunitatem
1291 3243 1492 3300 celerissioueur·

208 3343 261 3400 qne
284 3326 363 3383 lartius
386 3328 512 3385 facinoris
535 3331 593 3403 ipse
616 3329 746 3385 coluisset
773 3327 858 3390 lilius.
887 3336 997 3384 coactus
1026 3328 1123 3384 luisset
1151 3327 1224 3383 abire
1252 3328 1331 3384 etiam
1359 3328 1491 3385 llhomam

210 3428 296 3483 usque
319 3429 416 3485 magno
439 3432 489 3470 suo
513 3421 636 3488 sumptu.
661 3422 717 3469 tam
740 3422 829 3470 antem
851 3413 953 3469 maiore
975 3412 1108 3468 molestia.
1144 3413 1175 3468 ad
1192 3412 1257 3476 boc.
1280 3413 1303 3468 si
1318 3420 1389 3469 aurat
1405 3412 1528 3475 illamas

209 3495 230 3550 si
254 3495 309 3551 vult
333 3514 366 3553 ne
389 3497 500 3572 reliquis
523 3517 582 3555 sese
604 3498 790 3559 commisceat,
821 3497 867 3553 scd
891 3507 922 3553 ut
942 3498 1001 3571 ipsc
1023 3497 1115 3571 potins
1139 3498 1164 3552 in
1188 3514 1297 3553 uxorem
1319 3497 1398 3553 ducat
1420 3516 1490 3560 carn,

209 3589 307 3652 qnama
331 3582 391 3639 istie
413 3583 440 3638 in
463 3583 644 3658 dispensando
667 3601 712 3640 res
734 3591 844 3655 agatae,
869 3591 923 3638 trina
947 3582 1017 3639 scies
1040 3581 1154 3656 optimc,
1177 3600 1237 3637 cum
1253 3582 1315 3655 quid
1332 3582 1396 3638 olim
1412 3584 1491 3656 quid·

209 3681 261 3737 apic
285 3666 394 3723 vetitum
417 3669 453 3723 sil
475 3669 569 3731 ruodo,
598 3668 692 3725 oodiue
715 3685 865 3723 narravero.

140 3763 199 3812 §.os
273 3750 372 3806 litter.
409 3754 435 3807 si
459 3753 608 3809 bicllonuo
633 3761 723 3808 tenere
745 3770 776 3809 ea
799 3770 859 3825 qua·
880 3751 953 3809 dices
976 3751 1064 3807 onmia
1087 3768 1140 3807 non
1169 3752 1285 3826 poterit,
1317 3759 1344 3807 at
1373 3768 1427 3825 ego
1456 3771 1491 3810 uo

209 3833 336 3889 oblivioni
359 3853 390 3891 ea
414 3839 514 3894 tradam
537 3856 645 3912 operam
668 3837 779 3893 navabo.
1501 3855 1530 3893 ao

271 3919 429 3992 legatus.
467 3922 590 3995 Antiquae
613 3922 680 3996 legis
703 3921 825 3997 patribus
848 3922 873 3977 iu
897 3939 944 3977 sua
966 3922 1129 3995 cognatione
1152 3938 1205 3976 non
1222 3921 1310 3977 solum
1326 3921 1491 3994 permissum

207 4012 265 4059 erat
287 4005 455 4062 matrimonia
479 4007 659 4080 coniungere.
692 4007 744 4063 iuro
767 4024 820 4062 non
844 4005 940 4064 licebat
963 4015 1037 4063 extra
1059 4025 1116 4063 earn
1144 4023 1265 4080 quaerere
1292 4005 1416 4080 nuptias:
1452 4008 1490 4064 ita

207 4087 320 4144 dbralne
344 4090 427 4145 lrater
449 4091 554 4147 b'aelmr
575 4090 702 4147 lllelebaui
731 4090 811 4147 liliam
834 4094 912 4147 bearn
943 4091 1035 4147 fratris
1062 4091 1103 4146 sui
1133 4108 1243 4146 uxorem
1271 4091 1354 4146 eluxit.
1399 4110 1491 4166 neque

208 4171 286 4228 aliam
310 4174 349 4229 las
380 4175 430 4230 luit
453 4176 524 4231 lsaac
551 4193 661 4232 uxorem
690 4176 824 4249 accipere,
857 4186 934 4249 pratee
962 4176 1113 4232 ministrnm
1144 4193 1193 4249 per
1223 4176 1309 4231 lentur
1336 4176 1489 4242 adiurante,

207 4275 285 4330 rpmm
310 4258 393 4332 ipsam
416 4261 575 4324 llclroccam,
597 4260 677 4316 saliam
693 4260 823 4316 Battuelis
846 4260 891 4316 dlii
907 4261 1012 4318 Naclror
1033 4270 1060 4317 et
1078 4259 1194 4317 llelclne.
1224 4260 1303 4316 buius
1318 4261 1399 4317 etiam
1415 4261 1528 4320 liliosas

274 4440 608 4504 ²'rer.1>horm.1v.t‚a.
631 4443 693 4505 „dd
716 4445 810 4494 restim
834 4443 900 4492 mibi
925 4443 1032 4508 quidem
1051 4459 1094 4493 res
1113 4443 1195 4492 rediit
1212 4441 1408 4507 planissume.”
1428 4448 1489 4496 iterra

208 4527 280 4577 Cacc.
295 4527 363 4576 Stat.
378 4527 434 4577 215.
480 4526 749 4591 ⁴1t00t0,ina.1.3.
786 4528 969 4578 '‘locatoret
988 4534 1089 4578 arator.
1127 4526 1149 4559 ³⁰
1167 4527 1312 4591 „Sororem
1329 4528 1396 4578 liliis
1415 4530 1491 4582 idem

208 4611 279 4676 apud
297 4613 475 4674 avunculum,
505 4615 549 4678 qm
574 4615 646 4680 nptrd
664 4619 769 4680 patrem
788 4613 899 4662 bonor''.
923 4614 1001 4663 tucia.
1015 4613 1105 4662 Germ.
1119 4612 1159 4662 20.
1229 4611 1248 4645 ⁴¹
1268 4614 1326 4662 lllos
1346 4615 1491 4679 coniugio·

207 4712 263 4747 mm
283 4695 384 4745 veleris
403 4697 598 4748 instrumentis
643 4698 665 4730 ⁴³
683 4698 898 4749 Genes.1x.·.>tt.
945 4696 966 4730 ⁴⁴
985 4697 1084 4747 Genea.
1099 4698 1196 4747 XXIV.
1213 4697 1250 4748 15.
1264 4713 1321 4763 sqq.
