3382 5370
237 366 354 402 ntttoer
374 366 480 402 stertit
498 367 615 403 rnorlvn
633 368 759 404 CARDIDI.
779 350 821 420 [4.]
841 368 1067 404 rottcrntttttvnrtt
1086 368 1348 405 THEOIMISTABW·
1396 338 1468 409 583

185 528 238 585 deo
261 542 310 599 spe
334 527 380 598 off
398 529 458 583 ircr
481 524 578 601 nvcyll,
607 537 633 584 et
663 528 729 584 nilril
760 530 887 596 iacimus,
917 529 968 584 nisi
997 529 1069 602 qrrod
1091 528 1281 585 conlundirnus
1304 546 1354 585 nos
1384 530 1467 603 ipsos.

186 613 221 669 lte
245 611 291 667 illo
314 612 443 669 haeretico
466 621 555 670 tamen
578 631 662 687 parma
685 613 834 686 loquendo.
861 630 921 670 curn
949 614 1171 687 supportatione.
1202 615 1224 670 si
1248 622 1320 670 recte
1344 611 1537 671 asternunt-³⁸·

189 698 384 771 considerare,
413 697 569 754 halielaimus
598 697 634 754 ibi
663 716 745 755 mmm
773 698 887 755 alterum
917 699 1040 754 loannem
1064 699 1149 759 lluss.
1177 707 1205 755 et
1232 698 1300 755 liene
1329 717 1470 773 possemus

190 783 268 839 nobis
291 784 408 838 formare
430 800 528 840 nornen
551 783 705 847 imuortale,
729 784 750 839 si
773 783 1002 840 comlmsscrinms
1023 784 1104 839 etiam
1126 783 1200 839 illum
1223 784 1294 839 sicut
1310 783 1387 839 lluss.
1424 784 1471 840 scd

169 876 303 942 reportet
325 885 375 924 nos
397 867 464 923 bene
487 887 547 924 esso
568 869 779 943 circumspectos
802 879 829 924 ct
858 867 1021 924 oculatiores
1050 885 1128 942 qrrrmr
1152 869 1179 924 in
1201 868 1316 925 concilio
1340 870 1471 924 (laustan-

190 954 270 1009 tiensi
292 953 508 1026 praedecessores
530 954 616 1010 nostri
640 953 749 1010 luerunt
772 955 897 1010 hereticae
926 953 1066 1027 pravitatis
1095 954 1231 1027 magistri,
1260 954 1340 1010 etiam
1368 953 1470 1009 ordinis

190 1038 276 1094 nostri
299 1038 522 1100 praedicatorum,
546 1038 592 1112 (pri
614 1038 653 1099 ri,
677 1038 770 1094 lrmnle
792 1048 819 1094 et
840 1037 916 1101 dolo,
945 1037 1125 1094 dissolutione
1147 1046 1303 1113 pactorum.
1337 1040 1469 1094 immncn·

190 1132 280 1179 tormn
309 1124 440 1180 tructione
468 1133 496 1179 et
524 1123 608 1179 totius
636 1124 722 1179 torma
752 1124 818 1179 iuris
848 1122 969 1197 neglecta
992 1133 1020 1179 ct
1042 1124 1192 1197 praeterita,
1220 1141 1253 1179 es
1275 1142 1348 1180 mera
1370 1123 1468 1179 insidia

189 1208 396 1265 combusserunt
417 1207 501 1264 illum.
546 1226 606 1282 qum
629 1208 732 1264 insidiae
755 1209 806 1264 iam
837 1210 1013 1264 innotuerunt
1042 1207 1180 1282 pluribus,
1211 1217 1238 1265 et
1267 1208 1305 1263 illi
1337 1210 1362 1263 in
1392 1206 1538 1263 tumst-³⁶³·

159 1295 249 1349 tesnis
272 1293 408 1356 scrilmnt,
438 1293 473 1349 ita
502 1293 574 1367 quod
602 1311 656 1349 uon
685 1310 829 1367 possumus
860 1292 975 1367 anrplins
1002 1292 1107 1357 celare,
1136 1294 1172 1349 ita
1201 1294 1273 1367 quod
1305 1292 1468 1349 rcrilreatmn

190 1387 232 1435 est
256 1378 320 1434 illud
345 1378 418 1452 quod
441 1378 485 1435 ille
507 1379 574 1434 disit
596 1378 622 1434 iu
645 1379 786 1441 extremis,
816 1379 923 1452 ‹puarrdo
947 1379 997 1434 luit
1021 1378 1137 1434 traditus
1159 1377 1269 1434 liraclrio
1292 1377 1414 1434 srectrlari
1436 1378 1468 1433 ad

189 1463 413 1526 condmremlmn,
441 1465 643 1520 ‘Postremum
667 1480 752 1519 arrnos
774 1464 946 1537 cognoscetis
969 1462 1056 1537 qualis
1080 1463 1161 1519 luerit
1188 1463 1311 1519 doctrina
1341 1480 1412 1524 mea.
1442 1470 1469 1518 et

190 1567 238 1604 sna
260 1557 345 1605 seruet
368 1548 465 1623 prodet
487 1549 602 1604 ceritas.¹
644 1548 757 1604 Cerrtnm
780 1550 842 1604 amni
866 1549 916 1605 iam
940 1550 1022 1604 lerum
1045 1547 1128 1622 elapsi
1152 1557 1230 1610 sunt:
1254 1549 1348 1603 revixit
1363 1546 1417 1609 ille,
1441 1553 1468 1602 et

190 1652 283 1689 ourues
305 1633 368 1689 lilari
391 1634 450 1690 eius
472 1644 535 1690 srmt
557 1633 697 1708 impressi:
721 1641 748 1689 et
770 1634 821 1689 uisi
844 1634 929 1689 simus
950 1634 1079 1690 cruciores
1096 1650 1174 1706 qnam
1191 1632 1284 1706 talpas,
1309 1639 1372 1688 tune
1388 1649 1470 1705 rapior·

157 1727 232 1780 astet
255 1738 305 1775 nos
326 1719 449 1775 confiteri
474 1719 498 1773 in
521 1727 640 1780 secreto,
671 1719 744 1792 quod
773 1718 811 1774 illi
841 1719 910 1775 lacta
933 1727 974 1774 est
1004 1718 1116 1780 iniuria,
1145 1726 1172 1774 et
1201 1718 1240 1773 illi
1268 1725 1360 1792 patres
1381 1716 1469 1771 nostri

190 1806 300 1860 luerunt
321 1804 441 1860 haeretiei
465 1803 511 1877 qrri
533 1821 594 1859 eum
616 1803 833 1859 eonilmsserunt.
877 1821 943 1875 ergo
966 1803 1045 1859 aliter
1068 1804 1118 1859 iam
1134 1811 1176 1859 est
1191 1803 1358 1865 laciendum:
1381 1809 1468 1857 tamen

189 1906 243 1945 urin
267 1889 334 1945 liene
356 1889 443 1945 audeo
464 1888 561 1945 elicere.

254 1974 492 2031 lloelrstratus.
528 1973 626 2029 llicatis
648 1974 787 2029 audacter:
810 1973 878 2029 nilril
900 1982 993 2030 aocet:
1017 1992 1067 2029 nos
1089 1991 1183 2030 sumus
1205 1974 1248 2029 liic
1270 1972 1320 2027 sub
1343 1989 1418 2034 rosa,
1442 1969 1537 2026 etl-¹⁰·

190 2060 304 2135 quilibet
327 2067 417 2133 potest
438 2059 527 2115 dicere
549 2059 621 2132 quod
644 2057 709 2114 vult.
752 2059 800 2115 scd
822 2059 906 2114 nolite
929 2069 981 2115 tam
1004 2059 1057 2114 alte
1079 2058 1194 2115 ciamare
1209 2059 1280 2115 sicut
1294 2057 1403 2121 rustiei;
1426 2074 1472 2112 eo·

155 2145 282 2205 tuliilrete
304 2144 442 2218 paulisper
463 2160 568 2206 vorem,
592 2162 625 2199 ne
647 2143 718 2199 torte
740 2143 838 2218 aliquis
860 2144 942 2200 lateat
964 2144 991 2199 iu
1013 2145 1127 2200 fornace
1143 2153 1171 2199 et
1192 2144 1292 2199 autliat.

253 2230 402 2286 Stentor.
441 2228 493 2284 l'os
522 2228 625 2285 lecistis
655 2246 738 2284 rmum
767 2228 866 2285 lilirmn
888 2228 921 2284 de
944 2229 1103 2302 inquirenda
1124 2228 1248 2284 doctrina
1270 2227 1470 2287 hereticorum,

190 2316 217 2371 in
241 2332 295 2388 qno
319 2313 466 2389 proceditis
489 2314 634 2370 seeundum
663 2314 770 2371 modum
794 2313 947 2387 antiquum.
977 2312 1099 2369 statutum
1123 2312 1242 2369 llealium
1270 2322 1298 2369 et
1320 2311 1471 2367 Tlromista·

189 2418 263 2462 rum,
294 2409 322 2455 et
350 2399 453 2460 dicitis,
483 2399 553 2472 quod
584 2416 636 2453 non
665 2399 761 2454 debeat
788 2399 874 2455 audiri
902 2399 1044 2455 lucretieus
1067 2407 1097 2454 ut
1118 2417 1147 2453 se
1170 2407 1268 2471 purget
1291 2396 1331 2454 rel
1353 2406 1472 2458 excuset,

190 2485 237 2541 scd
254 2493 357 2541 tantum
380 2484 481 2557 inquiri
505 2493 594 2540 utrum
617 2484 709 2540 eredat
732 2485 756 2539 in
780 2482 918 2540 ecelesiam
936 2483 1079 2539 llomaunm
1103 2483 1143 2538 sel
1167 2501 1234 2546 non;
1267 2484 1290 2538 si
1313 2482 1365 2543 sie,
1390 2481 1470 2545 liene;

155 2593 180 2632 25
191 2570 214 2625 si
236 2588 306 2631 riou,
334 2568 521 2629 comlmratur.
551 2577 578 2624 et
606 2569 687 2624 etiam
715 2569 738 2624 si
767 2569 850 2625 luerit
877 2576 986 2625 suiectus
1007 2569 1106 2625 Paulus
1134 2567 1174 2623 rel
1198 2567 1310 2641 augelus
1332 2568 1364 2623 de
1386 2566 1470 2628 cmlm

190 2657 272 2712 immo
295 2655 317 2710 si
341 2653 530 2710 reviviscerent
553 2670 645 2709 onrnes
667 2654 795 2710 diictores
817 2655 920 2727 mitiqui
943 2662 970 2710 et
992 2654 1043 2710 liae
1074 2671 1127 2709 non
1156 2654 1312 2721 crederent,
1339 2650 1469 2707 deberent

189 2740 312 2797 comlmri
343 2739 493 2794 inmediate.
539 2739 594 2794 lloe
623 2739 687 2794 milii
718 2756 854 2813 nunquam
887 2739 1000 2813 placuit.
1031 2747 1058 2795 et
1091 2748 1133 2794 est
1166 2738 1231 2794 milri
1263 2739 1375 2793 mirum:
1408 2732 1537 2792 curui-¹¹·

191 2827 259 2881 irlem
283 2825 402 2898 pontiles
426 2824 562 2879 Rorrrmms
585 2823 732 2880 alisolrerit
754 2842 802 2880 vos
824 2824 857 2879 ali
880 2824 969 2880 oldeio
992 2834 1082 2880 restro
1105 2824 1241 2880 lireretieae
1264 2821 1420 2897 pensitatis,
1444 2828 1472 2876 et

189 2912 270 2966 etiam
304 2910 370 2965 estis
402 2909 532 2965 contusus
570 2909 597 2964 in
632 2927 712 2965 eautsa
740 2908 884 2971 llerrcldin,
920 2911 956 2965 ita
990 2909 1061 2984 qnod
1092 2910 1143 2965 iam
1171 2925 1264 2964 omnes
1293 2926 1339 2963 ros
1367 2906 1471 2968 odiunt,

155 2997 270 3056 :metium
293 2995 372 3069 pueri
396 2993 422 3049 iu
445 2992 545 3049 selrolis
569 2995 615 3067 qni
639 3013 685 3050 ros
707 3011 761 3051 uon
790 3002 971 3068 cognoscunt,
1001 3004 1028 3050 et
1058 2994 1164 3066 quamlo
1193 2993 1305 3049 amlinut
1327 2992 1472 3047 lloclrstra·

191 3090 261 3142 tmu,
285 3089 382 3153 putant
405 3080 477 3152 qumi
501 3080 656 3135 nominatur
676 3078 815 3141 dialrolus,
839 3079 911 3152 quod
935 3079 1020 3135 aulhne
1042 3078 1122 3134 sultis
1144 3079 1287 3134 detondere
1303 3078 1404 3134 ruriam
1419 3076 1471 3131 llo·

190 3183 302 3221 inarram.
347 3163 462 3220 llalrcret
491 3164 598 3238 quidem
622 3163 718 3219 lionam
742 3165 868 3224 terraram,
897 3165 919 3217 si
942 3164 1040 3220 essetis
1062 3181 1143 3237 capax
1166 3162 1370 3224 berneliciormu,
1400 3161 1470 3216 sicut

191 3251 319 3321 rmrgister
341 3257 434 3304 noster
457 3250 566 3305 Eccius:
597 3248 641 3304 ille
673 3248 792 3303 literatus
822 3256 864 3303 est
894 3248 994 3320 etiamid
1023 3266 1083 3303 cum
1107 3249 1163 3303 suis
1185 3247 1350 3303 clamoribus
1372 3255 1398 3301 et
1422 3246 1540 3301 suam·

191 3334 367 3396 bestialitate,
392 3335 454 3406 rpria
470 3334 604 3390 llommms
628 3333 763 3408 pontifex,
788 3333 894 3404 rprramlo
918 3350 1004 3407 nuper
1027 3333 1106 3389 rediit
1128 3351 1160 3388 es
1183 3332 1265 3394 urlie,
1288 3331 1398 3388 donarit
1420 3330 1470 3385 silai

156 3422 357 3493 ,estpriugentos
386 3419 503 3474 llorenos
531 3427 556 3473 et
586 3435 668 3473 unum
696 3417 905 3490 pinguissimum
930 3418 1097 3475 beneficium:
1127 3420 1180 3474 des
1207 3419 1282 3483 leant,
1310 3419 1363 3473 (les
1384 3412 1474 3487 licysst

191 3520 259 3561 oren
281 3501 417 3577 peliden,
449 3505 504 3560 aaut
530 3504 584 3557 iteri
607 3502 711 3557 ltutzcn
734 3503 909 3575 pestriclrcn,
941 3502 1003 3559 licet
1031 3503 1067 3557 sit
1096 3502 1200 3558 iulauris
1229 3503 1298 3575 apml
1327 3502 1423 3557 «locitas
1446 3507 1473 3555 et

188 3706 280 3716 ——.
312 3706 390 3713 ...μ-

258 3769 278 3803 ¹⁸
296 3771 467 3836 τυφλοτερος
484 3762 657 3828 claudianus.
678 3770 841 3837 Diogculan.
856 3769 930 3819 t'111.
944 3768 985 3819 25.
1055 3767 1075 3800 ²¹
1094 3784 1177 3818 unum
1195 3765 1304 3834 librum]
1323 3768 1365 3818 Eu
1381 3783 1471 3832 copae·

189 3861 277 3907 seimus
298 3857 368 3906 Croti
381 3857 475 3918 sedern
492 3871 548 3905 sese
565 3859 728 3919 prodentem:
751 3872 807 3905 narn
827 3855 898 3905 Croti
918 3856 972 3903 sine
996 3856 1062 3904 omni
1084 3854 1158 3905 dubio
1182 3861 1220 3904 ert
1237 3855 1277 3905 laic
1294 3854 1390 3904 tidcttns
1409 3867 1474 3902 rnn-

190 3956 331 3993 rrnrruvs
356 3957 463 3997 ortonae
488 3956 623 3990 senessia
639 3939 644 4005 Ι
659 3940 692 3989 de
711 3940 777 3991 Arte
795 3939 817 3990 δι
834 3940 914 3991 Modo
938 3939 1093 4006 inquirendi
1118 3937 1268 4004 rlrroleunqt
1286 3934 1474 4003 Haeretideos,

191 4025 337 4077 leeumlnm
355 4023 578 4075 consuetudinem
591 4027 721 4075 llomunae
737 4024 742 4089 Ι
757 4025 861 4085 Curiae,
880 4023 982 4075 orditum
993 4025 1124 4085 Fidelilm,
1144 4022 1295 4090 prrelertim
1312 4022 1474 4091 lrrezlrctieru

190 4113 337 4179 prauitatis
356 4108 566 4175 Inquifitorilrus
582 4108 586 4175 Ι
603 4108 672 4160 scitu
689 4107 840 4172 rtilillimo,
860 4108 978 4177 reposito
997 4126 1014 4159 a
1033 4103 1130 4177 isidam
1142 4108 1241 4173 Legnli
1254 4106 1387 4173 Magistro
1402 4106 1406 4173 Ι
1422 4109 1474 4158 No·

191 4196 244 4248 ltro
263 4198 360 4246 Fratre
379 4192 511 4262 tlrzldinis
523 4194 719 4260 l‘rredieuftorir
737 4191 840 4261 dolete.
856 4195 860 4260 Ι
909 4197 985 4245 Onne
997 4197 1112 4256 Lector,
1131 4210 1164 4243 ne
1183 4194 1232 4243 lilii
1252 4209 1282 4244 os
1300 4194 1383 4243 nimio
1399 4189 1404 4259 Ι
1420 4191 1474 4243 ril'rr

191 4279 333 4331 futlrileat.
350 4278 355 4343 Ι
366 4281 432 4342 sotto
448 4278 465 4328 8
482 4282 507 4328 in
526 4279 561 4327 ΙΙ.
581 4283 605 4328 r'n
619 4282 671 4342 fine
689 4279 727 4344 (p.
740 4280 857 4344 praenati.)
875 4288 912 4331 est
930 4283 1032 4331 ltutum
1051 4279 1172 4329 Crilrmiu·
1196 4296 1229 4329 ex
1246 4276 1328 4329 lmrl's
1346 4278 1452 4328 Kneck.
1468 4276 1472 4343 Ι

191 4382 277 4417 rrum.
294 4365 298 4429 Ι
316 4366 487 4429 οΙ.ε.ι·οι’νμὶα
499 4381 541 4429 op.
549 4363 694 4415 Sedelnora.
703 4366 830 4415 Auroeaitt.
839 4366 885 4416 IX.
893 4366 996 4432 ΠΜ.
1008 4366 1089 4415 llutos
1099 4364 1176 4415 rateto
1194 4363 1356 4429 ‘Undecimo
1368 4363 1473 4427 regula,

190 4451 302 4501 multum
322 4450 476 4499 artificialis
495 4465 528 4499 ae
540 4448 719 4513 Magistralis'
734 4458 890 4516 praeceptum
907 4455 1017 4500 coracinet
1035 4451 1104 4515 qnod
1119 4455 1211 4514 repetit
1224 4448 1337 4498 Stentor.
1389 4445 1411 4478 ²⁸
1430 4463 1473 4497 ee-

190 4538 238 4587 dat
256 4537 315 4585 cdd.
361 4532 383 4565 ’ὃ
402 4535 445 4585 Cl.
459 4551 485 4599 p.
499 4534 557 4584 575.
603 4533 623 4566 ³¹
643 4535 741 4585 dutaut
754 4539 777 4585 1.
824 4533 845 4566 ³³
864 4536 907 4585 Cf.
920 4552 945 4601 p.
958 4535 1016 4584 547.
1030 4535 1121 4585 udnot.
1135 4552 1160 4601 p.
1174 4533 1232 4584 aot.
1246 4535 1263 4583 i.
1277 4535 1296 4583 f.
1342 4532 1365 4565 ³⁸
1383 4532 1476 4582 Olrrou

190 4622 291 4672 beilleu
303 4628 364 4685 poto
376 4622 415 4671 tte
426 4636 482 4670 esse
495 4620 544 4669 mit
555 4620 651 4669 seinen
665 4620 904 4683 verleumdungcn,
918 4619 1174 4684 unsehuldigungen
1187 4620 1243 4669 ein·
1254 4618 1306 4668 und
1317 4616 1475 4667 drrrclrdrin·

191 4723 259 4773 germ
272 4713 297 4756 et
310 4706 362 4755 deu
375 4705 476 4755 kutzen
490 4706 536 4769 (=
547 4705 615 4771 grob
628 4705 752 4755 haerenes
764 4704 893 4770 gewaud)
905 4704 1045 4755 etrele-hen
1056 4703 1267 4771 :zudringlich
1279 4702 1475 4754 schmeielreln.
