3382 5370
146 381 211 449 [lde.
221 380 294 448 sont}
310 399 496 434 Ptttbtottrttts
510 399 801 435 cuuvrormnuwovu
816 399 851 432 ΒΕ
865 396 1072 434 ΡΛΕΥΒΤΔΤΙΒῊ
1087 396 1296 431 ttotuttttxtttt'tt.
1350 365 1390 437 51
1409 366 1417 436 Ι

144 574 249 613 summo
272 558 394 631 pontifici
417 567 481 614 sum
503 557 630 617 subiecti.
654 558 756 630 quique
780 556 855 613 nullo
879 556 979 613 iudicio
1002 554 1140 612 molestari
1163 572 1241 630 quam
1264 555 1424 630 apostolico,

144 644 217 716 qnod
240 643 331 700 llonur
354 652 409 703 est,
433 639 583 716 possunt'

204 728 299 784 Puer.
337 727 430 783 llouoe
459 745 513 783 rem
541 745 590 783 acu
620 727 718 800 tetigit
750 726 776 781 lri
809 734 873 781 sunt
902 727 948 799 qui
977 727 1086 800 impunc
1109 724 1177 781 mala
1198 724 1314 799 plurima
1338 726 1424 783 lacere

143 822 271 886 possunt;
294 813 356 886 qui.
380 830 439 867 cum
456 811 596 868 calumniis
611 829 704 868 omnes
726 819 835 871 vexarit,
859 811 910 884 ipsi
935 811 960 866 io
985 819 1043 866 tuto
1066 809 1192 866 collocati
1214 819 1242 866 et
1263 810 1314 866 sub
1337 811 1425 885 ponti-

118 895 211 953 oficiis
234 897 283 953 alis
306 896 395 953 vexari
417 915 531 971 prorsus
554 914 608 953 nou
631 903 760 970 possunt;
789 896 890 969 quique
918 912 968 969 per
995 896 1159 969 imposturas
1182 914 1212 950 ae
1234 894 1425 969 sycophantias

143 981 229 1037 multo
252 990 392 1039 contracto
423 981 511 1038 alieno
539 999 593 1038 aere
622 981 801 1037 creditoribus
828 980 939 1053 egregie
971 980 1127 1054 imponunt.
1155 981 1309 1053 excogitato
1336 980 1370 1036 ad
1398 980 1424 1036 id

142 1068 289 1123 etiamnum
312 1067 434 1123 artifieio.

205 1153 366 1226 laegatus.
402 1152 531 1208 doctores
553 1151 632 1207 etium
657 1152 733 1207 larcio.
1424 1161 1491 1212 dut.

206 1237 303 1293 Puer.
340 1237 395 1292 lmo
418 1236 535 1293 dolores.
978 1233 981 1237 ’

110 1335 135 1375 to
207 1321 333 1378 Henno.
370 1321 397 1377 ld
426 1329 519 1377 noster
546 1331 639 1395 pastor
670 1319 749 1376 vellet
771 1328 846 1376 certo
875 1319 948 1387 seio,
981 1320 1090 1376 doctum
1118 1320 1189 1377 enim
1216 1337 1279 1376 eum
1306 1320 1425 1376 iudicant

144 1422 251 1469 omnes,
272 1407 399 1481 quoniam
416 1415 489 1461 totus
506 1406 590 1479 ipsius
606 1423 696 1461 sermo
712 1405 822 1461 Latinus
838 1413 893 1467 est:
918 1404 981 1460 huie
998 1404 1119 1461 indicabo
1135 1404 1319 1478 hortalmrqoe
1334 1405 1423 1461 etiam.

205 1492 302 1547 Puer.
340 1490 371 1546 Et
393 1491 550 1565 sapientiam
573 1500 600 1547 ct
622 1490 772 1546 doctrinam
794 1489 889 1546 addis?

205 1577 364 1650 legatus.
402 1574 486 1642 Quam
509 1575 560 1630 nisi
584 1575 660 1649 prim
683 1575 842 1635 lraliueriot.
865 1592 917 1647 ego
940 1576 1064 1649 prolecto
1086 1574 1150 1631 darc
1172 1591 1226 1631 non
1248 1593 1374 1648 possmn.
1396 1574 1423 1631 td

143 1661 215 1734 quod
238 1679 287 1716 nec
309 1661 336 1717 in
359 1660 530 1733 generalibus
552 1660 633 1716 etiam
655 1659 753 1733 cuique
775 1660 871 1714 studiis
890 1659 991 1721 datur,
1014 1659 1060 1715 ulii
1083 1660 1202 1716 videmus
1224 1660 1324 1734 passim
1347 1660 1422 1715 indo·

111 1746 279 1801 tactissimos
301 1746 381 1801 etiam
404 1745 532 1800 lionorari
556 1743 638 1800 rubro
660 1744 731 1818 pileo
755 1745 900 1800 moriones.
945 1744 1022 1812 Quam
1051 1745 1072 1800 si
1103 1745 1168 1800 milti
1196 1752 1318 1818 potestus
1346 1752 1493 1804 tissettuta.

145 1831 225 1886 dandi
253 1829 378 1904 spiritum
408 1830 574 1903 linguarum.
609 1830 733 1904 spiritum
763 1829 882 1885 scientim
905 1837 933 1886 et
955 1829 1108 1903 sapientiai.
1138 1830 1252 1886 lacerem
1275 1829 1339 1885 milri
1361 1847 1425 1903 pro·

144 1917 214 1972 lecto
238 1916 347 1987 egregie
371 1934 461 1990 operm
484 1915 618 1988 pretium?

205 2001 302 2056 Puer.
340 2001 438 2055 Credo:
467 1999 573 2072 aliquos
603 2016 654 2071 ego
683 2000 777 2060 etiam.
807 2016 894 2073 nuper
920 1999 1003 2055 Roma
1031 1999 1190 2061 redeuntes.
1219 1999 1346 2056 doctores
1374 1999 1425 2056 ridi

143 2086 243 2147 laetos,
266 2094 293 2141 et
315 2087 449 2141 atlasare
473 2101 590 2158 quoquc,
615 2084 659 2156 qui
684 2102 771 2157 neque
794 2083 913 2158 linguam
929 2084 1041 2146 lralieut,
1066 2102 1152 2158 neque
1168 2085 1315 2145 scientiam.
1338 2102 1425 2158 neque

109 2171 316 2244 msopientiam3
345 2170 398 2226 ium
422 2187 491 2244 quos
513 2170 589 2224 aiunt
610 2169 650 2223 vir
674 2170 759 2243 prima
782 2168 920 2224 literarum
944 2177 1036 2225 tenere
1058 2168 1203 2230 elementa.
1232 2169 1424 2244 analplaalretos

144 2255 275 2311 videlicet.
321 2255 366 2311 Est
388 2264 415 2310 ct
439 2254 482 2309 illa
506 2271 615 2327 quoque
637 2271 681 2309 ars
705 2253 852 2310 iuescandm
875 2254 1009 2327 pecunim.
1034 2254 1169 2310 honorare
1191 2254 1309 2310 stultos?

205 2341 361 2411 legatus.
399 2340 516 2394 Cornitcs
538 2339 617 2393 etiarn
639 2338 776 2394 Palatinos
799 2347 825 2394 et
848 2340 979 2394 notarios.
1425 2345 1493 2397 tuto.

206 2426 298 2481 Puer.
337 2425 373 2480 ltu
397 2443 437 2481 ine
460 2425 526 2479 dorm
548 2432 633 2484 arrret,
663 2423 760 2479 multas
789 2433 817 2479 tu
844 2432 952 2479 creator
982 2424 1083 2480 similes
1107 2424 1155 2480 titi
1177 2433 1316 2481 creaturas
1339 2425 1426 2482 lacere

144 2518 236 2585 potes.
260 2511 374 2566 etiamne
398 2509 560 2583 vespillones
583 2517 610 2564 et
632 2508 803 2564 Cardinales‘t

110 2614 135 2653 ra
208 2595 335 2651 llenno.
373 2594 470 2661 tprrnles
499 2602 563 2649 sunt
591 2593 628 2648 illi
657 2594 770 2650 comites
800 2592 932 2649 Palatini?
960 2595 1120 2669 prinecpsne
1150 2593 1194 2650 ille
1223 2594 1326 2651 elector
1354 2612 1426 2651 mor·

145 2690 207 2737 titus
229 2688 271 2735 est
293 2697 353 2736 cum
376 2679 524 2734 fratribus?
547 2678 592 2733 ille
616 2686 642 2733 te
664 2679 743 2735 deum
766 2679 846 2735 faciet
868 2680 1006 2754 prolecto.
1029 2680 1180 2754 cuicunque
1204 2679 1278 2736 illum
1302 2689 1354 2735 tam
1378 2698 1425 2753 po·

145 2774 246 2821 tentem
269 2765 449 2838 principatum
471 2764 586 2819 dederis.

207 2851 369 2923 legatus.
406 2849 465 2904 ll'ou
489 2847 634 2921 intelligis.
658 2849 774 2922 insignia
798 2849 852 2904 illis
875 2857 977 2905 tantum
1002 2851 1079 2906 trado
1101 2868 1250 2912 acinorum,
1279 2859 1306 2905 ct
1328 2849 1426 2905 nobili-

145 2943 240 2996 tatem‚
269 2935 375 2989 divitias
403 2935 473 2990 unde
502 2934 685 3007 adipiscantur
707 2935 757 3007 ipsi
787 2935 914 2998 riderint;
943 2952 1010 3009 quas
1039 2943 1127 2991 tamen
1155 2935 1178 2989 si
1207 2935 1364 2996 lralmcrint.
1394 2935 1425 2989 ad

112 3021 208 3079 coritae
232 3019 402 3094 splendorem
426 3027 456 3074 ut
479 3027 589 3074 utamur
610 3019 753 3092 permitto:
783 3028 810 3074 et
838 3021 860 3074 si
883 3020 944 3093 eqni
968 3021 1007 3075 eis
1030 3029 1138 3082 assunt.
1168 3020 1290 3094 equitent
1313 3019 1426 3075 iaculum

145 3113 200 3167 est.
224 3105 245 3160 si
269 3122 323 3160 non
346 3104 476 3165 tomam,
500 3102 613 3177 pedibus
637 3103 698 3159 licet
722 3104 916 3176 ingrediantur.

208 3190 335 3246 llcnuo.
373 3189 428 3245 lloc
451 3189 531 3244 etiam
553 3188 617 3243 milri
641 3187 810 3263 privilegium
832 3189 922 3244 datum
945 3198 995 3251 cst.
1018 3198 1098 3265 atque
1114 3191 1180 3245 adeo
1203 3198 1328 3263 potestne
1350 3189 1494 3249 alioslntt.

146 3275 277 3349 quispiam
301 3272 446 3330 nobilitare
470 3273 526 3347 ipse
550 3272 677 3345 ignobilis
700 3280 727 3328 et
750 3273 900 3329 obscurus?
929 3273 1099 3330 Nolrilitatem
1129 3273 1192 3330 olim
1215 3275 1315 3329 virtute
1338 3275 1424 3348 parari

146 3359 249 3419 audiri.
271 3359 338 3415 liene
362 3359 452 3417 lactis.
477 3357 635 3414 lortitndine
659 3356 767 3419 liclliea;
789 3375 855 3412 eane
877 3358 958 3414 modo
981 3359 1080 3414 entitur
1102 3359 1233 3432 pecunia?

112 3460 137 3498 aa
210 3445 367 3515 laegatus.
404 3443 442 3499 lta
466 3443 545 3498 modo
568 3452 631 3498 suut
654 3451 783 3515 tempora.

208 3528 332 3584 llcnno.
369 3528 425 3585 lloe
448 3529 522 3589 scio,
545 3527 677 3602 plurimos
700 3536 756 3582 tum
780 3528 887 3583 luturos
910 3528 956 3601 qui
978 3545 1035 3583 eam
1051 3527 1101 3583 silai
1117 3527 1320 3603 comparabunt,
1345 3529 1424 3584 etiarn

146 3614 167 3666 si
192 3613 260 3669 lame
283 3631 312 3667 sc
334 3614 471 3687 perituros
494 3614 579 3669 sciant
601 3630 674 3672 csse.
705 3613 771 3667 adeo
800 3630 880 3685 grave
904 3630 973 3668 onus
995 3620 1037 3667 est
1059 3630 1119 3668 esse
1141 3614 1287 3669 misticum:
1319 3612 1361 3668 liic
1385 3622 1421 3674 tn.

146 3717 162 3750 n
184 3699 305 3759 domiue,
334 3698 415 3755 iacies
438 3698 648 3772 opermpreciom
670 3698 736 3753 satis
758 3698 876 3771 copiose.
921 3697 1016 3753 Verum
1041 3696 1105 3752 illud
1129 3714 1225 3753 moneo
1248 3699 1416 3753 sanctitatem
1425 3706 1492 3758 §.tm

147 3790 233 3844 tuam.
257 3800 290 3838 ne
313 3783 382 3856 apud
405 3801 455 3839 nos
478 3783 599 3839 notarios
621 3801 705 3839 crees.

112 3885 137 3924 to
210 3869 367 3941 togatus.
404 3867 453 3935 out
478 3869 523 3924 id‘t

209 3954 330 4010 llenno.
367 3951 523 4027 Quicunque
546 3955 616 4011 euim
638 3955 670 4009 nd
699 3970 748 4009 nos
777 3952 897 4014 seruent,
926 3961 1021 4027 captos
1049 3970 1180 4027 samoquo
1209 3953 1328 4009 inclusos
1356 3971 1425 4027 aqua

146 4039 299 4112 mergimus.

210 4126 340 4197 legato
350 4142 371 4177 s.
410 4123 534 4180 Notarius
556 4123 739 4199 apostolicos?

210 4209 335 4264 llenno.
374 4207 400 4263 ld
428 4218 520 4266 nostra
550 4228 603 4266 non
632 4210 747 4283 reseret,
776 4226 823 4263 seu
853 4207 959 4282 legatici
983 4226 1031 4265 sen
1054 4208 1197 4283 apostolici
1220 4209 1288 4269 sint.
1316 4219 1428 4284 pereant

111 4312 136 4352 tt
148 4314 257 4352 necesse
279 4302 329 4350 est.

213 4479 400 4529 ‘’lloetoresae
463 4476 484 4510 ¹⁸
503 4475 708 4543 ingenernlibus
728 4480 750 4526 t.
769 4494 826 4543 pune
844 4495 908 4527 natue
926 4477 1122 4528 universitates
1140 4477 1294 4527 litterarum
1313 4481 1428 4543 appelta-

146 4580 205 4613 nunr.
259 4562 393 4627 videmus]
414 4566 551 4613 etiamnum.
602 4560 624 4592 ²¹
643 4561 764 4610 Comites
782 4563 928 4613 Palatini·
981 4560 1003 4592 ²³
1021 4559 1200 4628 Princepsne]
1220 4563 1376 4612 Ludovieus
1395 4564 1426 4612 V.

146 4650 274 4713 princeps
289 4648 393 4699 elector
405 4649 558 4708 Palatinus,
577 4646 703 4707 Siekingi
717 4647 803 4697 lrostio
817 4654 845 4697 ct
856 4648 929 4698 ttnlv.
943 4646 1121 4707 lleidellierq.
1136 4648 1306 4698 reformator.
1321 4649 1338 4709 †
1355 4649 1427 4698 lt'ild.

149 4735 261 4797 Lepidus
280 4735 411 4782 llrnnont's
428 4750 513 4782 error.
564 4730 586 4761 ³³
605 4730 679 4796 olim}
699 4733 771 4781 enirn
791 4737 816 4782 3.
869 4748 968 4798 protare
989 4735 1011 4781 1.
1020 4736 1046 4781 3.
1110 4730 1132 4763 ⁴²
1149 4735 1166 4782 ι’.
1180 4749 1202 4782 e.
1216 4748 1378 4800 mcrgemuo.
