3382 5370
609 380 725 417 DIALOGI
745 380 1012 416 eauvnonvrrnutcr.

401 542 562 602 Corvorum,
587 549 668 614 atque
691 541 716 595 in
740 557 780 596 ine
804 541 890 595 veniat
913 539 1022 597 nrictum
1046 550 1126 614 atque
1148 549 1267 598 cacatum

404 625 505 689 lulius,
529 634 555 682 et
577 624 682 699 fragilis
704 625 825 687 lledatin,
849 627 947 700 surque
969 624 1099 682 Vorenus.

178 711 246 780 Quin
270 721 314 774 to,
338 729 419 785 puer,
443 710 596 767 accelerans
619 709 690 766 illam
713 711 823 772 arboca,
847 710 933 766 aderit
955 711 1026 766 enim
1048 711 1208 785 evestigio.

240 796 334 853 Puer.
371 797 424 853 laru
447 796 526 859 abeo,
551 805 582 852 ut
603 796 712 853 doruino
735 795 933 870 obtemperem,
958 813 1036 869 quem
1061 795 1140 852 larvae
1162 815 1192 853 ac
1215 797 1381 870 intemperiae
1399 814 1460 869 agr·

178 889 249 941 tant:
272 881 386 938 vetiilarn
409 882 500 955 itaque
522 880 632 937 vocabo.
669 880 740 937 lleus
763 889 805 943 tu,
828 880 950 941 Canidia,
973 881 1055 936 lrerus
1079 889 1105 936 te
1126 889 1210 937 vocat.

109 972 170 1026 §.lb
242 966 392 1024 Canidia.
428 966 507 1027 Novi,
531 984 580 1022 cur
601 973 690 1027 vocet,
714 983 807 1040 nempe
830 975 860 1022 ut
883 964 1008 1022 bellulam
1032 965 1103 1022 illam
1125 965 1270 1041 puellulam
1292 965 1459 1022 carminibus

178 1051 204 1107 oi
225 1051 373 1109 conciliem.
410 1051 454 1108 bat
477 1051 576 1124 igitur,
599 1059 626 1107 et
650 1058 724 1106 tanto
747 1050 876 1123 tlrcolouo
898 1069 956 1107 ruas
985 1059 1110 1122 perator:
1144 1060 1172 1107 tu
1201 1052 1280 1126 praei,
1312 1069 1363 1123 eqo
1392 1068 1459 1107 vero

178 1152 286 1210 sequar.

240 1222 337 1280 Puer.
375 1221 447 1283 l'iet.
472 1222 522 1277 iam
545 1221 617 1276 elarini
640 1238 747 1283 sumus,
772 1221 921 1294 ingredere.

241 1307 390 1365 Canidia.
433 1305 523 1367 Sabe,
561 1305 688 1379 llagister
721 1314 815 1362 noster
847 1306 1021 1368 venerabilis,
1059 1325 1111 1380 ego
1148 1325 1196 1364 eur
1231 1325 1273 1363 mo
1308 1307 1495 1371 roceiensis

176 1390 255 1467 plane
278 1395 350 1450 novi.

242 1478 376 1535 Eccius.
414 1477 474 1539 l'ix,
498 1485 528 1532 ut
550 1475 677 1531 arbitror.

241 1564 391 1620 Canidia.
428 1561 560 1617 l‘uellulaa
583 1560 656 1616 illius
678 1562 774 1633 gratia.
812 1561 935 1635 uunquid
957 1580 1012 1618 rem
1035 1580 1084 1619 acu
1107 1560 1203 1635 tetigit

242 1648 374 1705 Eccius.
412 1648 478 1703 Trita
501 1664 576 1702 erras
598 1646 654 1707 via,
679 1646 724 1702 sed
747 1645 827 1719 longe
849 1646 953 1703 diversa
976 1646 1070 1704 subest
1092 1665 1181 1703 causa.

149 1745 168 1788 a.
242 1734 392 1790 Canidia.
430 1732 462 1787 Et
485 1731 547 1805 quid
570 1728 642 1786 aliud
665 1730 712 1785 tibi
736 1748 817 1805 opera
839 1749 897 1787 rriea
920 1738 1050 1806 prestare
1074 1737 1182 1806 piasset?

243 1819 375 1876 Eccius.
412 1816 511 1891 Lipsim
534 1834 579 1872 eas
602 1835 633 1871 ac
654 1815 748 1872 redeas
770 1832 880 1872 necesse.
903 1825 952 1871 cst.

241 1904 388 1960 Canidia.
426 1901 569 1975 Eclipsim't
593 1900 711 1956 veritatis
734 1900 865 1956 forsitan?

242 1988 374 2045 Cccirrs.
413 1987 529 2060 ‘lipsius'
553 1986 674 2059 iuquam,
700 1985 779 2059 idque
802 1986 868 2042 bora
890 1987 991 2043 eadem

241 2073 393 2129 Canidia.
431 2073 560 2144 l‘erquaui
585 2069 662 2126 laitile
685 2070 738 2125 liet.

240 2158 372 2216 Eccius.
409 2157 440 2213 Et
463 2156 555 2213 literas
579 2154 640 2212 illac
659 2156 774 2211 deseras.

241 2244 389 2300 Canidia.
427 2241 492 2297 l'iet.

241 2328 374 2386 Eccius.
411 2327 632 2402 Responsumque
655 2325 817 2401 reportabis.

241 2413 391 2471 Canidia.
428 2412 495 2468 Fiet.

242 2498 372 2557 Eccius.
408 2496 484 2553 Etsi
508 2497 544 2553 ita
567 2514 637 2571 opus
659 2497 725 2557 erit.
755 2497 884 2553 medicum
907 2505 995 2553 tecum
1019 2497 1141 2554 adduces.

242 2584 397 2640 Canidia.
434 2581 465 2636 Et
487 2582 539 2638 boc
561 2582 620 2644 bet:
644 2583 732 2637 orrrnia
755 2580 873 2656 perbelle
895 2582 1086 2656 expedientur:
1115 2582 1181 2638 cerlo
1206 2582 1290 2656 igitur
1312 2582 1413 2638 literas.
1469 2594 1496 2635 aa

243 2669 373 2726 Eccius.
409 2667 462 2723 lam
486 2666 538 2722 illu·¹
561 2666 728 2727 scribentur,
763 2675 791 2723 tu
815 2667 921 2722 iuterim
943 2669 1051 2724 ‹lornmu
1073 2667 1217 2729 concedas,
1246 2687 1290 2729 ue,
1324 2685 1386 2741 quae
1410 2667 1460 2723 viae

111 2762 244 2816 §.assunt
266 2752 429 2813 necessaria,
459 2752 591 2826 expedias.
629 2751 681 2808 Sed
709 2752 776 2807 bears
806 2759 847 2813 tu.
878 2769 940 2807 num
969 2770 1052 2827 super
1079 2752 1184 2808 surcula
1215 2762 1261 2809 aut
1283 2752 1346 2808 imni
1374 2752 1461 2808 ruani-

179 2839 245 2915 pulo
266 2837 421 2914 equitabis?

241 2923 391 2980 Canidia.
428 2921 547 2984 llinime,
577 2939 638 2978 uam
660 2922 700 2977 uia
721 2921 802 2995 longa
825 2929 880 2983 est.
909 2930 936 2978 et
959 2924 981 2978 si
1005 2922 1085 2978 alitam
1108 2923 1260 2997 quempiam
1283 2940 1386 2978 mecum
1418 2939 1461 2979 re·

179 3010 278 3066 ducere
300 3025 410 3065 neeesse
430 3015 486 3070 est,
510 3006 592 3079 longe
614 3006 762 3063 rolurstiori
786 3015 892 3063 rectore
907 3008 1036 3064 utendum
1052 3008 1112 3063 erit.
1150 3008 1252 3064 lrircum
1275 3008 1366 3080 itaque
1382 3006 1497 3063 illumso

179 3093 311 3169 pilosum,
334 3091 468 3154 retrxluxu,
498 3091 545 3148 sed
568 3090 746 3154 vailentulum,
780 3092 945 3154 inscendam,
978 3101 1005 3147 et
1028 3094 1078 3149 iarn
1102 3092 1181 3154 abeo,
1216 3100 1246 3149 ut
1268 3091 1397 3167 pabulum
1421 3091 1461 3147 illi

180 3196 328 3254 apponam,
352 3195 406 3252 quo
429 3177 550 3250 vegetior
571 3185 676 3233 tantiam
699 3178 803 3234 itineris
825 3177 962 3234 exantlare
984 3177 1078 3233 valeat.

112 3278 170 3328 §.aa
245 3263 378 3319 Eccius.
415 3261 465 3319 dbi
487 3262 587 3335 igitur,
610 3262 726 3337 epistola
748 3264 817 3319 euim
841 3263 945 3337 signata
968 3263 1110 3319 confestim
1134 3263 1164 3317 ad
1189 3272 1215 3319 te
1237 3263 1390 3326 ‹leseretur;
1418 3281 1462 3319 ce·

180 3357 267 3407 terum
290 3347 419 3408 obsecro.
442 3364 550 3404 resocro
574 3356 614 3410 te,
637 3354 667 3403 ut
689 3348 812 3421 giraviter
833 3357 929 3404 cuncta
953 3365 1025 3421 agas.

242 3432 395 3489 Canidia.
432 3431 536 3489 taciani
560 3432 585 3487 ixl
608 3431 716 3495 sedulo:
741 3433 786 3489 sed
810 3434 852 3489 cru
875 3432 990 3507 epistola
1013 3433 1192 3505 consignanda
1215 3433 1285 3488 erit?
1469 3445 1496 3484 aa

243 3518 376 3574 Eceius.
414 3517 506 3574 liabeo
529 3534 602 3581 uteo,
626 3518 672 3591 qui
694 3536 752 3575 earu
773 3518 835 3574 «lein
858 3518 982 3592 patribus
1004 3517 1166 3590 conscriptis
1189 3515 1404 3591 repraesentabit.

242 3603 393 3660 Canidia.
429 3601 539 3659 barben?
564 3601 702 3677 inanilogo
725 3602 777 3665 illi,
801 3602 917 3663 caudici.
941 3602 1041 3677 stipiti.
1065 3602 1140 3657 asino
1164 3601 1304 3676 plumbeo,
1334 3603 1380 3675 qui
1404 3619 1460 3660 nou

179 3689 241 3766 plus
264 3687 403 3762 sapientia
425 3687 504 3744 babet
527 3706 606 3761 quam
629 3686 714 3762 lapis?

243 3774 373 3830 Eccius.
409 3773 539 3845 Linguam
561 3773 681 3836 relreaa,
704 3790 765 3829 nam
788 3791 863 3830 naeus
885 3781 935 3830 est.

112 3878 171 3929 με,
246 3857 395 3915 Canidia.
432 3858 506 3914 Tuus
528 3857 579 3920 sit,
601 3859 665 3914 dum
687 3876 763 3915 ruem
785 3874 838 3915 uou
861 3858 910 3917 sit.
934 3857 981 3915 sed
1003 3857 1054 3914 iarn
1077 3857 1167 3914 itineri
1189 3875 1232 3914 ma
1255 3857 1373 3931 accingo.
1470 3868 1498 3908 xo

179 4024 379 4035 ...-.-...---

245 4125 257 4160 ¹
274 4124 402 4177 Pediatia
420 4126 548 4190 lepeadam
566 4132 611 4174 est.
665 4124 675 4157 ὓ
694 4125 824 4186 Canidia,
843 4128 1027 4190 ringuentaria
1045 4124 1169 4176 venefica
1182 4140 1226 4190 ap.
1240 4126 1336 4176 Horat.
1372 4123 1396 4158 ¹⁰
1413 4126 1459 4176 lit-

180 4218 255 4263 teras
267 4214 293 4262 4.
327 4208 350 4243 ⁸⁰
367 4206 490 4273 Hircum]
509 4213 614 4259 suetiam
628 4211 734 4275 quidem
747 4227 874 4277 sagarum
893 4226 1002 4277 equum,
1022 4209 1071 4262 aad
1088 4216 1179 4260 tamen
1198 4210 1243 4260 laic
1261 4210 1337 4260 loeus
1350 4210 1385 4261 ad
1397 4213 1461 4262 Exu-

180 4311 271 4348 serum
289 4294 373 4345 etiarn
390 4294 489 4345 referri
506 4294 602 4355 debet,
625 4301 656 4344 nt
673 4298 696 4356 ᾗ.
710 4295 751 4347 53.
765 4295 892 4347 ostendit.
961 4296 983 4328 ³⁰
1000 4297 1043 4346 De
1061 4296 1163 4345 Ioanne
1182 4296 1289 4353 liabeo,
1314 4295 1459 4345 Francoue

179 4378 412 4447 Longepolitsno,
441 4381 554 4443 eiusque
578 4378 633 4446 (ap.
647 4380 769 4431 Ldseber.
783 4382 840 4444 lies.
860 4382 928 4432 Aeta
944 4382 992 4432 111.
1012 4379 1182 4446 peamau.
1200 4380 1321 4444 repetita)
1349 4395 1461 4430 enarra-

180 4467 256 4519 tione
274 4465 468 4531 disputationis
484 4464 652 4529 Lipsiensis,
672 4465 700 4514 iu
719 4481 773 4531 qna
790 4466 921 4517 Eceianis
939 4467 1063 4532 partibus
1082 4472 1177 4533 aperte
1197 4467 1288 4525 lavet,
1308 4465 1341 4514 ‹le
1354 4465 1460 4516 Ioanne

178 4546 311 4605 Montano
329 4549 457 4615 (Nemina
474 4549 721 4615 Wittenbergenei)
742 4555 771 4600 et
788 4550 821 4602 de
838 4552 897 4601 Ios.
911 4551 1032 4601 Cellario
1051 4551 1143 4615 (Nullo
1157 4551 1307 4618 Lipsieuei)
1326 4549 1389 4598 ride
1407 4550 1460 4600 lui-

179 4637 262 4689 seta.
286 4635 305 4687 l.
319 4651 344 4688 e.
359 4652 386 4702 p.
397 4633 457 4686 ⁸251.
469 4632 527 4684 785.
538 4648 597 4700 sqq.
614 4634 671 4685 illil.
684 4651 741 4701 sqq.
754 4635 813 4685 804.
882 4634 904 4667 'l
922 4635 1075 4702 inanilogoa
1095 4635 1290 4701 (inaniloquos)
1308 4634 1398 4686 Plaut.
1412 4635 1460 4685 Pa.

179 4720 204 4773 1.
216 4719 278 4783 aaa.
329 4717 417 4785 asine]
436 4718 570 4771 Similiter
587 4720 621 4770 ‹le
638 4720 734 4770 Rubeo
751 4721 853 4786 passim
872 4719 1016 4770 Lutberus.
