3382 5370
244 326 291 398 88
510 341 573 392 1111.
642 356 778 391 ronanam.
814 355 952 392 ornuouvs
971 356 1152 393 nrarnnrcvs.
1172 341 1253 406 (tata.)

306 531 458 574 nonaum.
497 511 605 572 Duram
638 518 775 591 expertos
802 529 848 580 es,
882 511 958 572 haud
987 510 1115 580 inficior,
1149 512 1244 572 vitam.
1288 512 1339 573 seul
1368 513 1396 572 in
1424 508 1520 572 aulam

184 650 188 659 ·
244 632 335 695 quare
357 610 555 674 transierehas
576 632 592 672 a
614 613 709 673 strnlio
732 620 759 673 te
781 614 981 692 potissimum?

307 735 477 777 nvrrenvs.
515 714 599 785 Onorl
623 714 754 775 videbam
777 713 860 775 laeile
881 715 921 777 ilri
943 714 1114 795 locupletari
1136 716 1270 797 aequales

307 836 457 878 ronanus,
495 815 560 877 Tibi
583 835 650 877 rero
673 834 764 895 qnare
786 834 845 876 nou
867 816 942 877 idem
966 818 1102 894 contigit?

308 939 478 980 nvramnvs.
516 920 588 991 Onia
610 926 739 979 autnon
763 917 862 978 lerunt
882 918 924 979 tui
946 937 1045 988 casus,
1075 926 1124 980 aut
1144 921 1173 980 in
1196 918 1243 980 illa
1266 938 1324 980 non
1346 920 1541 981 uotinatuma

245 1027 289 1081 est
310 1019 366 1079 iroc
388 1020 575 1099 prouidentia.

309 1143 459 1183 ronanus.
497 1123 553 1182 not
576 1140 644 1182 vero
667 1119 799 1183 moribus
822 1123 894 1191 tois,
918 1122 985 1200 qnia
1008 1141 1065 1182 non
1090 1124 1224 1183 conuenit
1247 1123 1308 1183 ritae
1330 1122 1439 1199 genus?

178 1237 236 1288 tou.
310 1243 479 1286 nvurruro.
519 1222 568 1284 Vel
595 1225 690 1304 ipsum
720 1224 776 1285 lroe
804 1225 832 1284 in
862 1242 962 1284 caussa
991 1233 1049 1293 est,
1078 1226 1171 1285 sentio
1199 1226 1275 1286 enim
1298 1226 1427 1303 ineptum
1450 1221 1522 1283 aulae

246 1344 307 1393 me,
331 1344 398 1386 oum
421 1327 485 1417 rpria
509 1325 685 1386 adolandum
707 1325 747 1386 ibi
769 1324 854 1386 simul
877 1325 1026 1395 omnibus,
1056 1331 1117 1387 turn
1147 1345 1214 1388 vero
1236 1326 1303 1404 quia
1326 1327 1523 1386 inconstantes

246 1433 314 1488 sunt
334 1428 499 1509 principum
522 1428 644 1488 lavores.
1534 1444 1557 1483 n

308 1518 458 1592 ronrvnn.
497 1529 570 1600 Ouirl
593 1532 616 1590 si
638 1529 706 1590 alibi
728 1530 887 1610 experiaris
908 1548 1000 1590 annos
1022 1530 1125 1590 iterum
1149 1530 1240 1591 duos?

311 1651 481 1695 alerannus.
519 1631 594 1704 Quid
629 1634 653 1692 si
687 1639 799 1693 aetatem
830 1631 1007 1711 experiendo
1037 1618 1206 1695 absoniam?
1239 1633 1294 1693 iam
1325 1631 1425 1693 deberi
1453 1637 1524 1709 puto

249 1732 318 1793 milri
342 1742 374 1792 nt
395 1734 431 1794 sit
453 1733 529 1795 unde
552 1734 653 1795 viram.

310 1857 460 1897 ronrvna.
498 1836 534 1896 tr
556 1853 619 1895 esse
641 1836 741 1905 audio,
764 1837 789 1897 si
809 1854 935 1915 pauper,
958 1843 991 1896 ut
1012 1834 1162 1897 clarissimi
1184 1834 1282 1905 molti,
1308 1835 1401 1895 virere
1424 1833 1501 1894 velis.

310 1957 482 2000 nrrranvs.
505 1936 624 2017 leiim,
654 1939 677 1998 si
705 1936 762 1998 lroe
790 1957 907 2008 caveas,
938 1938 1006 2009 dea,
1035 1932 1139 2017 nequis
1165 1935 1319 2015 aliquando
1342 1934 1434 1997 malus
1456 1943 1558 1995 tuusra

250 2056 334 2098 easns
356 2058 370 2098 a
395 2046 565 2119 paupertate
587 2040 642 2100 lrao
664 2040 699 2100 ad
722 2047 881 2101 extremam
904 2058 996 2118 usqne
1019 2040 1231 2105 mendicitatem
1255 2039 1390 2119 deponat.
1431 2062 1435 2067 ’

181 2138 246 2204 §.aa
312 2161 462 2203 ronrrna.
499 2141 564 2202 Non
587 2149 631 2202 est
652 2160 748 2202 nrenm
771 2161 873 2203 revere
895 2149 945 2203 aut
960 2151 1072 2204 eertum
1088 2142 1157 2203 dare
1172 2140 1293 2221 aliquid;
1318 2148 1347 2201 tu
1365 2158 1432 2201 vero
1449 2138 1526 2218 quod

248 2260 360 2321 pauper
381 2245 500 2313 metuis,
523 2263 560 2304 ne
582 2244 606 2303 si
628 2243 787 2304 anlnrantor
810 2244 912 2304 domus
934 2253 984 2305 aut
1005 2244 1189 2305 devastentur
1211 2243 1273 2319 agri
1289 2240 1333 2303 rel
1348 2240 1442 2321 aliqua
1457 2241 1526 2301 sub-

248 2345 287 2403 ito
316 2362 350 2402 ex
381 2344 540 2408 calamitate
561 2345 617 2405 illan
639 2343 901 2425 ‹prrarrtulaeonnque
923 2344 1071 2407 facultates
1093 2347 1118 2406 si
1140 2351 1276 2425 pereant,
1306 2344 1456 2405 mendieos
1477 2345 1526 2413 sis,

248 2446 366 2524 ignoras
389 2446 443 2508 lroe
466 2448 534 2526 ipsis
557 2447 691 2507 divitibus
714 2465 869 2508 eonnnune
890 2455 987 2508 teeum
1010 2465 1073 2508 esse
1096 2445 1273 2526 periculum,
1302 2447 1356 2506 nisi
1385 2464 1442 2505 non
1472 2463 1560 2524 po·ao

248 2554 304 2608 test
325 2549 388 2609 lieri
411 2555 442 2609 ot
463 2551 557 2610 omnia
581 2549 800 2610 Fueelrerorurn
825 2568 882 2610 uno
904 2556 1026 2629 pereant
1048 2548 1103 2609 elie.

311 2671 479 2712 rn’rrnnra.
517 2650 594 2712 Fieri
616 2669 701 2731 posse
723 2653 783 2721 aio,
808 2659 836 2712 et
858 2650 959 2712 carlum
981 2651 1050 2711 itern
1073 2658 1105 2711 nt
1127 2658 1205 2720 ruat,
1228 2649 1279 2710 sed
1302 2656 1459 2729 utrumqne
1475 2650 1527 2711 lro·

251 2770 316 2812 rum
339 2771 424 2812 nemo
448 2752 530 2814 laeile
552 2755 662 2814 metuit.

180 2872 239 2922 aas.
314 2876 464 2915 nonnum.
502 2854 543 2915 lie
565 2854 740 2925 Fueoheris‚
770 2863 820 2916 aut
845 2857 936 2935 siquis
957 2856 994 2916 sil
1015 2856 1084 2935 ipsis
1105 2854 1202 2915 adhue
1224 2853 1383 2914 Fueelreris
1406 2852 1527 2932 opulen-

247 2955 319 3023 tior,
343 2974 428 3015 nemo
452 2958 569 3017 nretuitl
592 2966 642 3017 aot
663 2957 748 3018 Troia
772 2976 830 3017 non
853 2958 956 3036 periit?
1536 2969 1562 3007 ιδ

311 3078 482 3119 nvrronra.
521 3059 669 3138 Siquidem
693 3060 763 3129 luit,
787 3060 881 3138 periit.

312 3180 463 3221 rourum.
502 3160 537 3220 Et
559 3161 698 3222 infinitam
713 3144 1001 3238 'Carthaginiensium
1025 3161 1181 3240 potentiam
1207 3178 1265 3220 non
1288 3166 1457 3221 everterunt
1471 3158 1528 3219 llo·

247 3261 344 3320 mani?

310 3382 481 3424 nrrrnnro.
519 3365 669 3426 Funditus,

170 3487 231 3537 §.aa
310 3485 461 3524 ronrrnn.
500 3468 535 3528 Et
557 3468 720 3529 Romanum
742 3467 895 3546 imperinm
918 3485 974 3526 non
998 3466 1122 3527 interiit?
1538 3479 1564 3519 au

308 3586 482 3629 nvrrenrs.
519 3570 646 3639 interiit,
678 3571 732 3631 nisi
762 3569 839 3649 quod
869 3570 954 3629 inane
983 3586 1074 3648 penes
1104 3569 1265 3630 Germanos
1294 3566 1371 3628 illius
1400 3574 1531 3627 remanet

239 3684 361 3726 nomen.

302 3788 461 3829 ronrvnn.
503 3773 656 3854 Dionysius
679 3790 747 3833 rero
770 3793 805 3834 ex
828 3779 950 3853 tyranno
973 3772 1033 3833 ludi
1055 3771 1149 3832 laetrrs
1171 3789 1229 3831 non
1253 3777 1296 3830 est
1318 3772 1475 3848 magister?

297 3892 480 3934 erraremus,
520 3875 542 3935 F
545 3883 640 3944 aetrrs,
664 3881 696 3933 nt
718 3875 819 3935 lertnr.

154 3987 217 4036 §.on
293 3995 457 4034 ronrrnn.
499 3976 537 4036 Et
565 3994 666 4055 magna
696 3977 725 4035 in
753 3977 817 4036 nari
846 3995 904 4037 non
932 3977 1052 4055 perinrle
1074 3977 1257 4054 naufragium
1281 3982 1415 4035 metuunt
1436 3983 1565 4036 aaaron

223 4092 258 4133 ae
280 4093 378 4152 parra
405 4075 437 4133 in
464 4078 597 4155 scaplral

279 4194 475 4234 reversura.
517 4177 549 4236 Si
572 4179 601 4237 in
624 4179 734 4254 magnis
757 4198 788 4238 ea
812 4180 922 4240 lerator
944 4180 1095 4249 lluetibus,
1118 4177 1248 4258 perinde.

274 4293 454 4332 roanvrun.
498 4278 586 4345 eroel
609 4280 772 4340 necessario
795 4281 857 4342 lieri
880 4289 1009 4361 oportet,
1032 4282 1224 4360 nequeenim
1248 4288 1298 4341 aut
1320 4279 1377 4340 alto
1400 4281 1531 4341 commit-

207 4372 242 4431 tit
264 4388 300 4429 se
327 4370 387 4446 quei
414 4390 517 4448 parra
542 4383 707 4459 negotiatur
730 4380 846 4460 cymba,
870 4391 920 4443 aut
934 4383 982 4462 qui
998 4383 1131 4443 triremes
1147 4381 1208 4444 illas
1223 4389 1251 4443 et
1266 4383 1416 4443 onerarias
1430 4389 1528 4461 agunt,

265 4584 291 4616 ¹⁰
314 4587 513 4653 principium
527 4600 553 4646 1.
569 4603 594 4649 2.
658 4598 680 4630 ³³
697 4564 857 4668 Dionysius]
878 4603 920 4654 Cf.
935 4577 1096 4653 Phaloriam.
1110 4605 1133 4664 ἕ.
1147 4603 1188 4653 27.
1203 4619 1284 4668 supra
1302 4620 1327 4669 p.
1341 4602 1383 4653 23.
1441 4602 1462 4634 ³⁹
1482 4609 1528 4653 aut

189 4663 252 4729 qui]
277 4668 385 4718 allatam
408 4687 468 4724 ¹¹00
492 4681 543 4742 qni
562 4687 652 4735 omaso
672 4690 719 4733 aut
737 4691 795 4734 ante
814 4686 879 4737 alto.
