<?xml version="1.0" encoding="UTF-8"?>
<!DOCTYPE html PUBLIC "-//W3C//DTD XHTML 1.0 Transitional//EN"
    "http://www.w3.org/TR/xhtml1/DTD/xhtml1-transitional.dtd">
<html xmlns="http://www.w3.org/1999/xhtml" xml:lang="en" lang="en">
 <head>
  <title>
</title>
<meta http-equiv="Content-Type" content="text/html;charset=utf-8" />
  <meta name='ocr-system' content='tesseract 3.04.00' />
  <meta name='ocr-capabilities' content='ocr_page ocr_carea ocr_par ocr_line ocrx_word'/>
</head>
<body>
  <div class='ocr_page' id='page_1' title='image "./ulrichihuttenie09huttgoog_0473.png"; bbox 0 0 3382 5370; ppageno 0'>
   <div class='ocr_carea' id='block_1_1' title="bbox 185 338 1031 408">
    <p class='ocr_par' dir='ltr' id='par_1_1' title="bbox 185 338 1031 408">
     <span class='ocr_line' id='line_1_1' title="bbox 185 338 1031 408; baseline -0.011 0"><span class='ocrx_word' id='word_1_1' title='bbox 185 338 257 408; x_wconf 72' lang='grc'><strong>440</strong></span> <span class='ocrx_word' id='word_1_2' title='bbox 624 367 739 402; x_wconf 75' lang='lat' dir='ltr'><strong>nubem</strong></span> <span class='ocrx_word' id='word_1_3' title='bbox 764 367 1031 401; x_wconf 74' lang='lat' dir='ltr'><strong>PSEVDOHV&#39;I‘TElthl.</strong></span> 
     </span>
    </p>
   </div>
   <div class='ocr_carea' id='block_1_2' title="bbox 117 524 1509 3743">
    <p class='ocr_par' dir='ltr' id='par_1_2' title="bbox 117 524 1509 3743">
     <span class='ocr_line' id='line_1_2' title="bbox 247 524 829 599; baseline -0.009 -17"><span class='ocrx_word' id='word_1_4' title='bbox 247 525 368 582; x_wconf 91' lang='lat' dir='ltr'><strong>lulius.</strong></span> <span class='ocrx_word' id='word_1_5' title='bbox 404 525 442 580; x_wconf 85' lang='lat' dir='ltr'><strong>h&#39;e</strong></span> <span class='ocrx_word' id='word_1_6' title='bbox 465 524 499 581; x_wconf 92' lang='lat' dir='ltr'><strong>ob</strong></span> <span class='ocrx_word' id='word_1_7' title='bbox 520 525 691 598; x_wconf 87' lang='lat' dir='ltr'><strong>sacrilegium</strong></span> <span class='ocrx_word' id='word_1_8' title='bbox 714 525 829 599; x_wconf 90' lang='lat' dir='ltr'><strong>quidem.</strong></span> 
     </span>
     <span class='ocr_line' id='line_1_3' title="bbox 247 609 767 684; baseline -0.008 -17"><span class='ocrx_word' id='word_1_9' title='bbox 247 613 384 667; x_wconf 86' lang='lat' dir='ltr'><strong>Petrus.</strong></span> <span class='ocrx_word' id='word_1_10' title='bbox 421 609 479 664; x_wconf 82' lang='lat' dir='ltr'><strong>Non</strong></span> <span class='ocrx_word' id='word_1_11' title='bbox 502 609 537 665; x_wconf 95' lang='lat' dir='ltr'><strong>ob</strong></span> <span class='ocrx_word' id='word_1_12' title='bbox 558 609 767 684; x_wconf 79' lang='lat' dir='ltr'><strong>blasphemiam?</strong></span> 
     </span>
     <span class='ocr_line' id='line_1_4' title="bbox 249 694 621 768; baseline -0.005 -18"><span class='ocrx_word' id='word_1_13' title='bbox 249 695 370 750; x_wconf 91' lang='lat' dir='ltr'><strong>lulius.</strong></span> <span class='ocrx_word' id='word_1_14' title='bbox 404 694 479 754; x_wconf 81' lang='lat' dir='ltr'><strong>h&#39;on,</strong></span> <span class='ocrx_word' id='word_1_15' title='bbox 506 694 621 768; x_wconf 89' lang='lat' dir='ltr'><strong>inquam.</strong></span> 
     </span>
     <span class='ocr_line' id='line_1_5' title="bbox 247 777 1337 836; baseline -0.004 -1"><span class='ocrx_word' id='word_1_16' title='bbox 247 782 376 836; x_wconf 84' lang='lat' dir='ltr'><strong>Petrus.</strong></span> <span class='ocrx_word' id='word_1_17' title='bbox 411 779 468 834; x_wconf 88' lang='lat' dir='ltr'><strong>Nou</strong></span> <span class='ocrx_word' id='word_1_18' title='bbox 492 779 527 834; x_wconf 92' lang='lat' dir='ltr'><strong>oh</strong></span> <span class='ocrx_word' id='word_1_19' title='bbox 548 779 713 834; x_wconf 79' lang='lat' dir='ltr'><strong>haecomnia</strong></span> <span class='ocrx_word' id='word_1_20' title='bbox 739 779 816 834; x_wconf 90' lang='lat' dir='ltr'><strong>simul</strong></span> <span class='ocrx_word' id='word_1_21' title='bbox 841 780 866 835; x_wconf 93' lang='lat' dir='ltr'><strong>in</strong></span> <span class='ocrx_word' id='word_1_22' title='bbox 889 797 968 834; x_wconf 89' lang='lat' dir='ltr'><strong>uuam</strong></span> <span class='ocrx_word' id='word_1_23' title='bbox 992 796 1041 835; x_wconf 87' lang='lat' dir='ltr'><strong>ceu</strong></span> <span class='ocrx_word' id='word_1_24' title='bbox 1063 777 1183 834; x_wconf 80' lang='lat' dir='ltr'>lacunam</span> <span class='ocrx_word' id='word_1_25' title='bbox 1205 778 1337 834; x_wconf 89' lang='lat' dir='ltr'><strong>eonllata?</strong></span> 
     </span>
     <span class='ocr_line' id='line_1_6' title="bbox 248 863 1491 937; baseline -0.005 -17"><span class='ocrx_word' id='word_1_26' title='bbox 248 865 370 921; x_wconf 88' lang='lat' dir='ltr'><strong>lulius.</strong></span> <span class='ocrx_word' id='word_1_27' title='bbox 408 863 494 927; x_wconf 82' lang='lat' dir='ltr'><strong>hdde,</strong></span> <span class='ocrx_word' id='word_1_28' title='bbox 517 864 539 919; x_wconf 91' lang='lat' dir='ltr'><strong>si</strong></span> <span class='ocrx_word' id='word_1_29' title='bbox 562 863 640 925; x_wconf 88' lang='lat' dir='ltr'><strong>libet.</strong></span> <span class='ocrx_word' id='word_1_30' title='bbox 664 873 788 921; x_wconf 77' lang='lat' dir='ltr'><strong>sexcenta</strong></span> <span class='ocrx_word' id='word_1_31' title='bbox 811 864 975 937; x_wconf 83' lang='lat' dir='ltr'><strong>flagitiorum</strong></span> <span class='ocrx_word' id='word_1_32' title='bbox 997 864 1118 924; x_wconf 85' lang='lat' dir='ltr'><strong>nomina,</strong></span> <span class='ocrx_word' id='word_1_33' title='bbox 1144 863 1185 918; x_wconf 91' lang='lat' dir='ltr'><strong>his</strong></span> <span class='ocrx_word' id='word_1_34' title='bbox 1212 878 1319 937; x_wconf 89' lang='lat' dir='ltr'><strong>quoqne</strong></span> <span class='ocrx_word' id='word_1_35' title='bbox 1342 863 1491 924; x_wconf 63' lang='lat' dir='ltr'><strong>teniores</strong></span> 
     </span>
     <span class='ocr_line' id='line_1_7' title="bbox 186 948 1167 1024; baseline -0.003 -19"><span class='ocrx_word' id='word_1_36' title='bbox 186 968 240 1006; x_wconf 93' lang='lat' dir='ltr'><strong>non</strong></span> <span class='ocrx_word' id='word_1_37' title='bbox 264 958 355 1024; x_wconf 90' lang='lat' dir='ltr'><strong>potest</strong></span> <span class='ocrx_word' id='word_1_38' title='bbox 377 958 464 1004; x_wconf 88' lang='lat' dir='ltr'><strong>tamen</strong></span> <span class='ocrx_word' id='word_1_39' title='bbox 489 949 623 1005; x_wconf 84' lang='lat' dir='ltr'><strong>Romanus</strong></span> <span class='ocrx_word' id='word_1_40' title='bbox 643 950 765 1024; x_wconf 78' lang='lat' dir='ltr'><strong>pontifex</strong></span> <span class='ocrx_word' id='word_1_41' title='bbox 786 949 819 1004; x_wconf 90' lang='lat' dir='ltr'><strong>ab</strong></span> <span class='ocrx_word' id='word_1_42' title='bbox 841 951 894 1004; x_wconf 91' lang='lat' dir='ltr'><strong>isto</strong></span> <span class='ocrx_word' id='word_1_43' title='bbox 918 949 1077 1004; x_wconf 88' lang='lat' dir='ltr'><strong>summoveri</strong></span> <span class='ocrx_word' id='word_1_44' title='bbox 1098 948 1167 1004; x_wconf 93' lang='lat' dir='ltr'><strong>loco.</strong></span> 
     </span>
     <span class='ocr_line' id='line_1_8' title="bbox 118 1032 1468 1108; baseline -0.004 -14"><span class='ocrx_word' id='word_1_45' title='bbox 118 1043 179 1094; x_wconf 74' lang='lat' dir='ltr'><strong>§.sa</strong></span> <span class='ocrx_word' id='word_1_46' title='bbox 252 1035 384 1091; x_wconf 88' lang='lat' dir='ltr'><strong>Petrus.</strong></span> <span class='ocrx_word' id='word_1_47' title='bbox 427 1034 525 1089; x_wconf 83' lang='lat' dir='ltr'><strong>Noram</strong></span> <span class='ocrx_word' id='word_1_48' title='bbox 554 1034 619 1089; x_wconf 91' lang='lat' dir='ltr'><strong>mihi</strong></span> <span class='ocrx_word' id='word_1_49' title='bbox 649 1034 759 1090; x_wconf 84' lang='lat' dir='ltr'><strong>Romani</strong></span> <span class='ocrx_word' id='word_1_50' title='bbox 792 1034 926 1108; x_wconf 90' lang='lat' dir='ltr'><strong>pontilicis</strong></span> <span class='ocrx_word' id='word_1_51' title='bbox 961 1032 1119 1106; x_wconf 90' lang='lat' dir='ltr'><strong>dignitatem</strong></span> <span class='ocrx_word' id='word_1_52' title='bbox 1153 1034 1294 1107; x_wconf 75' lang='lat' dir='ltr'><strong>pradinas.</strong></span> <span class='ocrx_word' id='word_1_53' title='bbox 1333 1033 1468 1106; x_wconf 78' lang='lat' dir='ltr'>siquidem</span> 
     </span>
     <span class='ocr_line' id='line_1_9' title="bbox 123 1116 1469 1193; baseline -0.004 -14"><span class='ocrx_word' id='word_1_54' title='bbox 123 1172 126 1179; x_wconf 92' lang='lat'>.</span> <span class='ocrx_word' id='word_1_55' title='bbox 188 1119 251 1175; x_wconf 92' lang='lat' dir='ltr'><strong>huic</strong></span> <span class='ocrx_word' id='word_1_56' title='bbox 272 1118 322 1176; x_wconf 89' lang='lat' dir='ltr'><strong>soli</strong></span> <span class='ocrx_word' id='word_1_57' title='bbox 345 1118 408 1175; x_wconf 91' lang='lat' dir='ltr'><strong>licet</strong></span> <span class='ocrx_word' id='word_1_58' title='bbox 435 1118 544 1192; x_wconf 89' lang='lat' dir='ltr'><strong>impune</strong></span> <span class='ocrx_word' id='word_1_59' title='bbox 566 1119 711 1193; x_wconf 87' lang='lat' dir='ltr'><strong>pessimum</strong></span> <span class='ocrx_word' id='word_1_60' title='bbox 738 1137 805 1175; x_wconf 90' lang='lat' dir='ltr'><strong>esse.</strong></span> <span class='ocrx_word' id='word_1_61' title='bbox 850 1119 914 1192; x_wconf 84' lang='lat' dir='ltr'><strong>quio</strong></span> <span class='ocrx_word' id='word_1_62' title='bbox 943 1119 1028 1191; x_wconf 80' lang='lat' dir='ltr'><strong>inagis</strong></span> <span class='ocrx_word' id='word_1_63' title='bbox 1056 1135 1150 1173; x_wconf 46' lang='lat' dir='ltr'><strong>noxiam</strong></span> <span class='ocrx_word' id='word_1_64' title='bbox 1176 1116 1358 1174; x_wconf 70' lang='lat' dir='ltr'><strong>infelicitatem</strong></span> <span class='ocrx_word' id='word_1_65' title='bbox 1382 1117 1469 1174; x_wconf 90' lang='lat' dir='ltr'><strong>eccle·</strong></span> 
     </span>
     <span class='ocr_line' id='line_1_10' title="bbox 187 1202 1470 1278; baseline -0.002 -18"><span class='ocrx_word' id='word_1_66' title='bbox 187 1205 249 1266; x_wconf 81' lang='lat' dir='ltr'><strong>sire,</strong></span> <span class='ocrx_word' id='word_1_67' title='bbox 273 1204 295 1259; x_wconf 89' lang='lat' dir='ltr'><strong>si</strong></span> <span class='ocrx_word' id='word_1_68' title='bbox 320 1203 372 1259; x_wconf 88' lang='lat' dir='ltr'><strong>tale</strong></span> <span class='ocrx_word' id='word_1_69' title='bbox 395 1212 550 1278; x_wconf 73' lang='lat' dir='ltr'><strong>portentum</strong></span> <span class='ocrx_word' id='word_1_70' title='bbox 573 1203 646 1259; x_wconf 90' lang='lat' dir='ltr'><strong>nulla</strong></span> <span class='ocrx_word' id='word_1_71' title='bbox 668 1205 707 1259; x_wconf 87' lang='lat' dir='ltr'><strong>via</strong></span> <span class='ocrx_word' id='word_1_72' title='bbox 730 1212 810 1278; x_wconf 81' lang='lat' dir='ltr'><strong>queat</strong></span> <span class='ocrx_word' id='word_1_73' title='bbox 831 1211 970 1264; x_wconf 88' lang='lat' dir='ltr'><strong>excutere,</strong></span> <span class='ocrx_word' id='word_1_74' title='bbox 994 1202 1126 1277; x_wconf 86' lang='lat' dir='ltr'><strong>talemque</strong></span> <span class='ocrx_word' id='word_1_75' title='bbox 1142 1212 1256 1275; x_wconf 78' lang='lat' dir='ltr'><strong>cogatur</strong></span> <span class='ocrx_word' id='word_1_76' title='bbox 1270 1203 1384 1259; x_wconf 89' lang='lat' dir='ltr'><strong>adorare</strong></span> <span class='ocrx_word' id='word_1_77' title='bbox 1400 1220 1470 1278; x_wconf 91' lang='lat' dir='ltr'><strong>pon·</strong></span> 
     </span>
     <span class='ocr_line' id='line_1_11' title="bbox 190 1288 1504 1351; baseline -0.001 -7"><span class='ocrx_word' id='word_1_78' title='bbox 190 1289 299 1351; x_wconf 87' lang='lat' dir='ltr'><strong>tilicem,</strong></span> <span class='ocrx_word' id='word_1_79' title='bbox 329 1289 477 1345; x_wconf 88' lang='lat' dir='ltr'><strong>cuiusmodi</strong></span> <span class='ocrx_word' id='word_1_80' title='bbox 501 1305 579 1344; x_wconf 88' lang='lat' dir='ltr'><strong>nemo</strong></span> <span class='ocrx_word' id='word_1_81' title='bbox 600 1288 730 1345; x_wconf 83' lang='lat' dir='ltr'><strong>toleraret</strong></span> <span class='ocrx_word' id='word_1_82' title='bbox 752 1288 935 1345; x_wconf 85' lang='lat' dir='ltr'><strong>stabularium.</strong></span> <span class='ocrx_word' id='word_1_83' title='bbox 1481 1305 1504 1344; x_wconf 87' lang='lat' dir='ltr'><strong>xo</strong></span> 
     </span>
     <span class='ocr_line' id='line_1_12' title="bbox 118 1372 1090 1442; baseline -0.003 -13"><span class='ocrx_word' id='word_1_84' title='bbox 118 1388 177 1438; x_wconf 75' lang='lat' dir='ltr'><strong>§.ss</strong></span> <span class='ocrx_word' id='word_1_85' title='bbox 250 1374 371 1430; x_wconf 89' lang='lat' dir='ltr'><strong>lulius.</strong></span> <span class='ocrx_word' id='word_1_86' title='bbox 405 1373 517 1442; x_wconf 82' lang='lat' dir='ltr'><strong>Quidam</strong></span> <span class='ocrx_word' id='word_1_87' title='bbox 538 1373 573 1429; x_wconf 89' lang='lat' dir='ltr'><strong>ob</strong></span> <span class='ocrx_word' id='word_1_88' title='bbox 592 1392 673 1431; x_wconf 93' lang='lat' dir='ltr'><strong>uuum</strong></span> <span class='ocrx_word' id='word_1_89' title='bbox 695 1376 832 1430; x_wconf 86' lang='lat' dir='ltr'><strong>dumtaxat</strong></span> <span class='ocrx_word' id='word_1_90' title='bbox 852 1374 968 1429; x_wconf 86' lang='lat' dir='ltr'><strong>amoveri</strong></span> <span class='ocrx_word' id='word_1_91' title='bbox 990 1372 1090 1428; x_wconf 89' lang='lat' dir='ltr'><strong>dicunt.</strong></span> 
     </span>
     <span class='ocr_line' id='line_1_13' title="bbox 249 1457 1470 1533; baseline 0 -18"><span class='ocrx_word' id='word_1_92' title='bbox 249 1459 385 1516; x_wconf 86' lang='lat' dir='ltr'><strong>Petrus.</strong></span> <span class='ocrx_word' id='word_1_93' title='bbox 418 1458 457 1515; x_wconf 86' lang='lat' dir='ltr'><strong>tlh</strong></span> <span class='ocrx_word' id='word_1_94' title='bbox 480 1460 551 1533; x_wconf 93' lang='lat' dir='ltr'><strong>quod</strong></span> <span class='ocrx_word' id='word_1_95' title='bbox 579 1458 692 1516; x_wconf 90' lang='lat' dir='ltr'><strong>obsecro</strong></span> <span class='ocrx_word' id='word_1_96' title='bbox 720 1459 903 1520; x_wconf 80' lang='lat' dir='ltr'><strong>benefactum,</strong></span> <span class='ocrx_word' id='word_1_97' title='bbox 939 1457 1154 1531; x_wconf 80' lang='lat' dir='ltr'><strong>qnandoquidem</strong></span> <span class='ocrx_word' id='word_1_98' title='bbox 1183 1458 1217 1513; x_wconf 94' lang='lat' dir='ltr'><strong>oh</strong></span> <span class='ocrx_word' id='word_1_99' title='bbox 1244 1458 1384 1515; x_wconf 76' lang='lat' dir='ltr'><strong>malefacta</strong></span> <span class='ocrx_word' id='word_1_100' title='bbox 1414 1477 1470 1516; x_wconf 92' lang='lat' dir='ltr'><strong>non</strong></span> 
     </span>
     <span class='ocr_line' id='line_1_14' title="bbox 186 1543 870 1619; baseline -0.004 -18"><span class='ocrx_word' id='word_1_101' title='bbox 186 1553 292 1619; x_wconf 86' lang='lat' dir='ltr'><strong>potest,</strong></span> <span class='ocrx_word' id='word_1_102' title='bbox 314 1546 336 1600; x_wconf 88' lang='lat' dir='ltr'><strong>si</strong></span> <span class='ocrx_word' id='word_1_103' title='bbox 359 1544 393 1600; x_wconf 93' lang='lat' dir='ltr'><strong>ob</strong></span> <span class='ocrx_word' id='word_1_104' title='bbox 416 1544 473 1600; x_wconf 86' lang='lat' dir='ltr'><strong>haec</strong></span> <span class='ocrx_word' id='word_1_105' title='bbox 496 1562 555 1617; x_wconf 84' lang='lat' dir='ltr'><strong>quae</strong></span> <span class='ocrx_word' id='word_1_106' title='bbox 574 1543 664 1600; x_wconf 90' lang='lat' dir='ltr'><strong>dixisti</strong></span> <span class='ocrx_word' id='word_1_107' title='bbox 685 1561 739 1600; x_wconf 93' lang='lat' dir='ltr'><strong>unu</strong></span> <span class='ocrx_word' id='word_1_108' title='bbox 761 1545 870 1617; x_wconf 86' lang='lat' dir='ltr'><strong>potest?</strong></span> 
     </span>
     <span class='ocr_line' id='line_1_15' title="bbox 248 1626 1469 1701; baseline 0.001 -17"><span class='ocrx_word' id='word_1_109' title='bbox 248 1629 368 1685; x_wconf 90' lang='lat' dir='ltr'><strong>lulius.</strong></span> <span class='ocrx_word' id='word_1_110' title='bbox 407 1628 446 1685; x_wconf 89' lang='lat' dir='ltr'><strong>Ob</strong></span> <span class='ocrx_word' id='word_1_111' title='bbox 468 1629 569 1685; x_wconf 87' lang='lat' dir='ltr'><strong>crimen</strong></span> <span class='ocrx_word' id='word_1_112' title='bbox 593 1629 741 1685; x_wconf 76' lang='lat' dir='ltr'><strong>haereseos:</strong></span> <span class='ocrx_word' id='word_1_113' title='bbox 765 1638 792 1685; x_wconf 93' lang='lat' dir='ltr'><strong>et</strong></span> <span class='ocrx_word' id='word_1_114' title='bbox 815 1630 849 1683; x_wconf 92' lang='lat' dir='ltr'><strong>ita</strong></span> <span class='ocrx_word' id='word_1_115' title='bbox 872 1629 991 1689; x_wconf 86' lang='lat' dir='ltr'><strong>demum,</strong></span> <span class='ocrx_word' id='word_1_116' title='bbox 1014 1627 1036 1681; x_wconf 87' lang='lat' dir='ltr'><strong>si</strong></span> <span class='ocrx_word' id='word_1_117' title='bbox 1057 1626 1162 1701; x_wconf 92' lang='lat' dir='ltr'><strong>publice</strong></span> <span class='ocrx_word' id='word_1_118' title='bbox 1185 1629 1221 1683; x_wconf 88' lang='lat' dir='ltr'><strong>sit</strong></span> <span class='ocrx_word' id='word_1_119' title='bbox 1240 1629 1388 1685; x_wconf 87' lang='lat' dir='ltr'><strong>convictus.</strong></span> <span class='ocrx_word' id='word_1_120' title='bbox 1425 1647 1469 1685; x_wconf 79' lang='lat' dir='ltr'><strong>re·</strong></span> 
     </span>
     <span class='ocr_line' id='line_1_16' title="bbox 184 1711 1502 1789; baseline 0.001 -19"><span class='ocrx_word' id='word_1_121' title='bbox 184 1731 245 1770; x_wconf 92' lang='lat' dir='ltr'><strong>rum</strong></span> <span class='ocrx_word' id='word_1_122' title='bbox 269 1715 295 1770; x_wconf 92' lang='lat' dir='ltr'><strong>id</strong></span> <span class='ocrx_word' id='word_1_123' title='bbox 314 1731 423 1787; x_wconf 86' lang='lat' dir='ltr'><strong>quoque</strong></span> <span class='ocrx_word' id='word_1_124' title='bbox 446 1713 570 1768; x_wconf 79' lang='lat' dir='ltr'><strong>frivolum</strong></span> <span class='ocrx_word' id='word_1_125' title='bbox 587 1722 642 1776; x_wconf 88' lang='lat' dir='ltr'><strong>est,</strong></span> <span class='ocrx_word' id='word_1_126' title='bbox 663 1731 750 1786; x_wconf 84' lang='lat' dir='ltr'><strong>neque</strong></span> <span class='ocrx_word' id='word_1_127' title='bbox 772 1713 811 1769; x_wconf 83' lang='lat' dir='ltr'><strong>vel</strong></span> <span class='ocrx_word' id='word_1_128' title='bbox 829 1713 962 1769; x_wconf 86' lang='lat' dir='ltr'><strong>tantillum</strong></span> <span class='ocrx_word' id='word_1_129' title='bbox 979 1711 1062 1768; x_wconf 82' lang='lat' dir='ltr'><strong>ol&#39;licit</strong></span> <span class='ocrx_word' id='word_1_130' title='bbox 1079 1713 1223 1786; x_wconf 81' lang='lat' dir='ltr'><strong>pontificia·</strong></span> <span class='ocrx_word' id='word_1_131' title='bbox 1239 1714 1386 1770; x_wconf 86' lang='lat' dir='ltr'><strong>maiestati:</strong></span> <span class='ocrx_word' id='word_1_132' title='bbox 1410 1716 1468 1789; x_wconf 90' lang='lat' dir='ltr'><strong>pri·</strong></span> <span class='ocrx_word' id='word_1_133' title='bbox 1480 1732 1502 1772; x_wconf 81' lang='lat' dir='ltr'><strong>rs</strong></span> 
     </span>
     <span class='ocr_line' id='line_1_17' title="bbox 186 1797 1471 1874; baseline 0 -19"><span class='ocrx_word' id='word_1_134' title='bbox 186 1817 257 1855; x_wconf 92' lang='lat' dir='ltr'><strong>murn</strong></span> <span class='ocrx_word' id='word_1_135' title='bbox 275 1798 312 1854; x_wconf 90' lang='lat' dir='ltr'><strong>illi</strong></span> <span class='ocrx_word' id='word_1_136' title='bbox 329 1799 355 1854; x_wconf 92' lang='lat' dir='ltr'><strong>in</strong></span> <span class='ocrx_word' id='word_1_137' title='bbox 375 1816 452 1854; x_wconf 89' lang='lat' dir='ltr'><strong>manu</strong></span> <span class='ocrx_word' id='word_1_138' title='bbox 468 1806 510 1853; x_wconf 90' lang='lat' dir='ltr'><strong>est</strong></span> <span class='ocrx_word' id='word_1_139' title='bbox 530 1797 617 1871; x_wconf 89' lang='lat' dir='ltr'><strong>legem</strong></span> <span class='ocrx_word' id='word_1_140' title='bbox 641 1799 725 1874; x_wconf 86' lang='lat' dir='ltr'><strong>ipsam</strong></span> <span class='ocrx_word' id='word_1_141' title='bbox 746 1798 891 1872; x_wconf 87' lang='lat' dir='ltr'><strong>abrogare,</strong></span> <span class='ocrx_word' id='word_1_142' title='bbox 911 1798 933 1853; x_wconf 92' lang='lat' dir='ltr'><strong>si</strong></span> <span class='ocrx_word' id='word_1_143' title='bbox 954 1799 1041 1853; x_wconf 88' lang='lat' dir='ltr'><strong>minus</strong></span> <span class='ocrx_word' id='word_1_144' title='bbox 1063 1797 1179 1871; x_wconf 86' lang='lat' dir='ltr'><strong>placeat;</strong></span> <span class='ocrx_word' id='word_1_145' title='bbox 1201 1799 1297 1855; x_wconf 91' lang='lat' dir='ltr'><strong>deinde</strong></span> <span class='ocrx_word' id='word_1_146' title='bbox 1319 1799 1381 1872; x_wconf 86' lang='lat' dir='ltr'><strong>quis</strong></span> <span class='ocrx_word' id='word_1_147' title='bbox 1397 1800 1471 1856; x_wconf 86' lang='lat' dir='ltr'><strong>ausit</strong></span> 
     </span>
     <span class='ocr_line' id='line_1_18' title="bbox 120 1882 1467 1958; baseline -0.001 -18"><span class='ocrx_word' id='word_1_148' title='bbox 120 1926 123 1931; x_wconf 82' lang='lat'><em>-</em></span> <span class='ocrx_word' id='word_1_149' title='bbox 186 1901 318 1940; x_wconf 91' lang='lat' dir='ltr'><strong>summum</strong></span> <span class='ocrx_word' id='word_1_150' title='bbox 346 1882 498 1958; x_wconf 87' lang='lat' dir='ltr'><strong>pontificem</strong></span> <span class='ocrx_word' id='word_1_151' title='bbox 525 1883 551 1938; x_wconf 95' lang='lat' dir='ltr'><strong>in</strong></span> <span class='ocrx_word' id='word_1_152' title='bbox 578 1884 679 1940; x_wconf 85' lang='lat' dir='ltr'><strong>crimen</strong></span> <span class='ocrx_word' id='word_1_153' title='bbox 705 1901 815 1944; x_wconf 88' lang='lat' dir='ltr'><strong>vocare,</strong></span> <span class='ocrx_word' id='word_1_154' title='bbox 845 1883 995 1958; x_wconf 81' lang='lat' dir='ltr'><strong>praesertim</strong></span> <span class='ocrx_word' id='word_1_155' title='bbox 1027 1891 1066 1938; x_wconf 89' lang='lat' dir='ltr'><strong>tot</strong></span> <span class='ocrx_word' id='word_1_156' title='bbox 1094 1892 1224 1938; x_wconf 88' lang='lat' dir='ltr'><strong>armatum</strong></span> <span class='ocrx_word' id='word_1_157' title='bbox 1247 1884 1400 1958; x_wconf 76' lang='lat' dir='ltr'><strong>praesidiis?</strong></span> <span class='ocrx_word' id='word_1_158' title='bbox 1433 1884 1467 1940; x_wconf 91' lang='lat' dir='ltr'><strong>ad</strong></span> 
     </span>
     <span class='ocr_line' id='line_1_19' title="bbox 186 1967 1470 2043; baseline 0 -19"><span class='ocrx_word' id='word_1_159' title='bbox 186 1970 254 2026; x_wconf 83' lang='lat' dir='ltr'><strong>brec·</strong></span> <span class='ocrx_word' id='word_1_160' title='bbox 273 1970 295 2025; x_wconf 94' lang='lat' dir='ltr'><strong>si</strong></span> <span class='ocrx_word' id='word_1_161' title='bbox 321 1969 392 2025; x_wconf 88' lang='lat' dir='ltr'><strong>lorte</strong></span> <span class='ocrx_word' id='word_1_162' title='bbox 421 1976 559 2042; x_wconf 89' lang='lat' dir='ltr'><strong>prematur</strong></span> <span class='ocrx_word' id='word_1_163' title='bbox 585 1967 715 2031; x_wconf 89' lang='lat' dir='ltr'><strong>concilio,</strong></span> <span class='ocrx_word' id='word_1_164' title='bbox 749 1969 834 2025; x_wconf 88' lang='lat' dir='ltr'><strong>lacilis</strong></span> <span class='ocrx_word' id='word_1_165' title='bbox 856 1977 898 2024; x_wconf 90' lang='lat' dir='ltr'><strong>est</strong></span> <span class='ocrx_word' id='word_1_166' title='bbox 925 1967 1071 2043; x_wconf 85' lang='lat' dir='ltr'><strong>palinodia,</strong></span> <span class='ocrx_word' id='word_1_167' title='bbox 1106 1969 1128 2023; x_wconf 91' lang='lat' dir='ltr'><strong>si</strong></span> <span class='ocrx_word' id='word_1_168' title='bbox 1151 1967 1261 2025; x_wconf 86' lang='lat' dir='ltr'><strong>inliciari</strong></span> <span class='ocrx_word' id='word_1_169' title='bbox 1288 1986 1341 2023; x_wconf 91' lang='lat' dir='ltr'><strong>non</strong></span> <span class='ocrx_word' id='word_1_170' title='bbox 1371 1968 1470 2033; x_wconf 78' lang='lat' dir='ltr'><strong>liceat:</strong></span> 
     </span>
     <span class='ocr_line' id='line_1_20' title="bbox 186 2052 1469 2129; baseline -0.001 -19"><span class='ocrx_word' id='word_1_171' title='bbox 186 2063 326 2129; x_wconf 90' lang='lat' dir='ltr'><strong>postremo</strong></span> <span class='ocrx_word' id='word_1_172' title='bbox 349 2053 422 2110; x_wconf 88' lang='lat' dir='ltr'><strong>mille</strong></span> <span class='ocrx_word' id='word_1_173' title='bbox 441 2062 505 2111; x_wconf 92' lang='lat' dir='ltr'><strong>sunt</strong></span> <span class='ocrx_word' id='word_1_174' title='bbox 526 2053 660 2116; x_wconf 86' lang='lat' dir='ltr'><strong>cuniculi,</strong></span> <span class='ocrx_word' id='word_1_175' title='bbox 691 2053 788 2129; x_wconf 87' lang='lat' dir='ltr'><strong>quibus</strong></span> <span class='ocrx_word' id='word_1_176' title='bbox 810 2054 887 2110; x_wconf 90' lang='lat' dir='ltr'><strong>lacile</strong></span> <span class='ocrx_word' id='word_1_177' title='bbox 909 2054 996 2129; x_wconf 86' lang='lat' dir='ltr'><strong>possit</strong></span> <span class='ocrx_word' id='word_1_178' title='bbox 1018 2052 1101 2114; x_wconf 87' lang='lat' dir='ltr'><strong>elabi.</strong></span> <span class='ocrx_word' id='word_1_179' title='bbox 1125 2053 1151 2108; x_wconf 93' lang='lat' dir='ltr'><strong>ni</strong></span> <span class='ocrx_word' id='word_1_180' title='bbox 1175 2070 1290 2127; x_wconf 84' lang='lat' dir='ltr'><strong>prorsus</strong></span> <span class='ocrx_word' id='word_1_181' title='bbox 1315 2054 1401 2128; x_wconf 86' lang='lat' dir='ltr'><strong>stipes</strong></span> <span class='ocrx_word' id='word_1_182' title='bbox 1423 2054 1469 2116; x_wconf 89' lang='lat' dir='ltr'><strong>sit,</strong></span> 
     </span>
     <span class='ocr_line' id='line_1_21' title="bbox 186 2141 1504 2197; baseline -0.001 -2"><span class='ocrx_word' id='word_1_183' title='bbox 186 2157 239 2196; x_wconf 91' lang='lat' dir='ltr'><strong>non</strong></span> <span class='ocrx_word' id='word_1_184' title='bbox 264 2141 353 2197; x_wconf 87' lang='lat' dir='ltr'><strong>homo.</strong></span> <span class='ocrx_word' id='word_1_185' title='bbox 1478 2154 1504 2194; x_wconf 74' lang='lat' dir='ltr'><strong>en</strong></span> 
     </span>
     <span class='ocr_line' id='line_1_22' title="bbox 118 2222 1470 2300; baseline -0.003 -17"><span class='ocrx_word' id='word_1_186' title='bbox 118 2233 178 2284; x_wconf 72' lang='lat' dir='ltr'><strong>baa,</strong></span> <span class='ocrx_word' id='word_1_187' title='bbox 250 2225 388 2280; x_wconf 90' lang='lat' dir='ltr'><strong>Petrus.</strong></span> <span class='ocrx_word' id='word_1_188' title='bbox 427 2223 478 2280; x_wconf 86' lang='lat' dir='ltr'><strong>Sed</strong></span> <span class='ocrx_word' id='word_1_189' title='bbox 506 2224 549 2280; x_wconf 89' lang='lat' dir='ltr'><strong>dio</strong></span> <span class='ocrx_word' id='word_1_190' title='bbox 576 2225 641 2280; x_wconf 91' lang='lat' dir='ltr'><strong>mibi</strong></span> <span class='ocrx_word' id='word_1_191' title='bbox 663 2242 712 2300; x_wconf 91' lang='lat' dir='ltr'><strong>per</strong></span> <span class='ocrx_word' id='word_1_192' title='bbox 738 2223 902 2299; x_wconf 83' lang='lat' dir='ltr'><strong>pontificiam</strong></span> <span class='ocrx_word' id='word_1_193' title='bbox 923 2224 1097 2297; x_wconf 90' lang='lat' dir='ltr'><strong>dignitatem,</strong></span> <span class='ocrx_word' id='word_1_194' title='bbox 1130 2223 1190 2298; x_wconf 91' lang='lat' dir='ltr'><strong>quis</strong></span> <span class='ocrx_word' id='word_1_195' title='bbox 1219 2222 1292 2297; x_wconf 90' lang='lat' dir='ltr'><strong>leges</strong></span> <span class='ocrx_word' id='word_1_196' title='bbox 1320 2224 1387 2279; x_wconf 86' lang='lat' dir='ltr'><strong>istas</strong></span> <span class='ocrx_word' id='word_1_197' title='bbox 1415 2231 1470 2279; x_wconf 85' lang='lat' dir='ltr'><strong>tarn</strong></span> 
     </span>
     <span class='ocr_line' id='line_1_23' title="bbox 187 2309 490 2384; baseline -0.007 -19"><span class='ocrx_word' id='word_1_198' title='bbox 187 2309 330 2384; x_wconf 80' lang='lat' dir='ltr'><strong>praeclaras</strong></span> <span class='ocrx_word' id='word_1_199' title='bbox 352 2309 490 2366; x_wconf 87' lang='lat' dir='ltr'><strong>condidit?</strong></span> 
     </span>
     <span class='ocr_line' id='line_1_24' title="bbox 249 2393 1471 2467; baseline 0.001 -19"><span class='ocrx_word' id='word_1_200' title='bbox 249 2393 371 2450; x_wconf 92' lang='lat' dir='ltr'><strong>lulius.</strong></span> <span class='ocrx_word' id='word_1_201' title='bbox 408 2393 473 2460; x_wconf 81' lang='lat' dir='ltr'><strong>Quis</strong></span> <span class='ocrx_word' id='word_1_202' title='bbox 502 2393 570 2448; x_wconf 90' lang='lat' dir='ltr'><strong>alius</strong></span> <span class='ocrx_word' id='word_1_203' title='bbox 597 2394 648 2450; x_wconf 89' lang='lat' dir='ltr'><strong>nisi</strong></span> <span class='ocrx_word' id='word_1_204' title='bbox 680 2395 740 2449; x_wconf 89' lang='lat' dir='ltr'><strong>lons</strong></span> <span class='ocrx_word' id='word_1_205' title='bbox 769 2394 859 2466; x_wconf 89' lang='lat' dir='ltr'><strong>legum</strong></span> <span class='ocrx_word' id='word_1_206' title='bbox 890 2395 1024 2456; x_wconf 88' lang='lat' dir='ltr'><strong>omnium,</strong></span> <span class='ocrx_word' id='word_1_207' title='bbox 1058 2393 1191 2449; x_wconf 84' lang='lat' dir='ltr'><strong>Romanus</strong></span> <span class='ocrx_word' id='word_1_208' title='bbox 1219 2393 1360 2466; x_wconf 81' lang='lat' dir='ltr'><strong>pontifex?</strong></span> <span class='ocrx_word' id='word_1_209' title='bbox 1393 2393 1471 2467; x_wconf 83' lang='lat' dir='ltr'><strong>atqui</strong></span> 
     </span>
     <span class='ocr_line' id='line_1_25' title="bbox 186 2478 1470 2553; baseline -0.002 -17"><span class='ocrx_word' id='word_1_210' title='bbox 186 2480 304 2536; x_wconf 88' lang='lat' dir='ltr'><strong>eiusdem</strong></span> <span class='ocrx_word' id='word_1_211' title='bbox 323 2488 364 2535; x_wconf 92' lang='lat' dir='ltr'><strong>est</strong></span> <span class='ocrx_word' id='word_1_212' title='bbox 385 2478 471 2552; x_wconf 91' lang='lat' dir='ltr'><strong>legem</strong></span> <span class='ocrx_word' id='word_1_213' title='bbox 486 2478 635 2551; x_wconf 79' lang='lat' dir='ltr'><strong>alarogare,</strong></span> <span class='ocrx_word' id='word_1_214' title='bbox 658 2478 847 2551; x_wconf 88' lang='lat' dir='ltr'><strong>interpretari,</strong></span> <span class='ocrx_word' id='word_1_215' title='bbox 863 2478 990 2540; x_wconf 87' lang='lat' dir='ltr'><strong>dilatare,</strong></span> <span class='ocrx_word' id='word_1_216' title='bbox 1006 2478 1209 2550; x_wconf 87' lang='lat' dir='ltr'><strong>constringere,</strong></span> <span class='ocrx_word' id='word_1_217' title='bbox 1227 2486 1363 2553; x_wconf 90' lang='lat' dir='ltr'><strong>utcunque</strong></span> <span class='ocrx_word' id='word_1_218' title='bbox 1382 2479 1470 2535; x_wconf 86' lang='lat' dir='ltr'><strong>risum</strong></span> 
     </span>
     <span class='ocr_line' id='line_1_26' title="bbox 186 2563 1506 2639; baseline -0.004 -18"><span class='ocrx_word' id='word_1_219' title='bbox 186 2573 228 2621; x_wconf 87' lang='lat' dir='ltr'><strong>est</strong></span> <span class='ocrx_word' id='word_1_220' title='bbox 249 2565 304 2620; x_wconf 86' lang='lat' dir='ltr'><strong>suis</strong></span> <span class='ocrx_word' id='word_1_221' title='bbox 325 2564 449 2639; x_wconf 88' lang='lat' dir='ltr'><strong>expedire</strong></span> <span class='ocrx_word' id='word_1_222' title='bbox 471 2563 628 2619; x_wconf 88' lang='lat' dir='ltr'><strong>commodis.</strong></span> <span class='ocrx_word' id='word_1_223' title='bbox 1480 2579 1506 2617; x_wconf 80' lang='lat' dir='ltr'><strong>rs</strong></span> 
     </span>
     <span class='ocr_line' id='line_1_27' title="bbox 117 2646 1471 2722; baseline -0.001 -17"><span class='ocrx_word' id='word_1_224' title='bbox 117 2661 176 2710; x_wconf 74' lang='lat' dir='ltr'><strong>tas.</strong></span> <span class='ocrx_word' id='word_1_225' title='bbox 249 2650 384 2705; x_wconf 85' lang='lat' dir='ltr'><strong>Petrus.</strong></span> <span class='ocrx_word' id='word_1_226' title='bbox 421 2647 536 2704; x_wconf 75' lang='lat' dir='ltr'><strong>Felicem</strong></span> <span class='ocrx_word' id='word_1_227' title='bbox 559 2647 683 2722; x_wconf 89' lang='lat' dir='ltr'><strong>prolecto</strong></span> <span class='ocrx_word' id='word_1_228' title='bbox 705 2647 875 2722; x_wconf 79' lang='lat' dir='ltr'><strong>pontificem,</strong></span> <span class='ocrx_word' id='word_1_229' title='bbox 899 2649 921 2702; x_wconf 93' lang='lat' dir='ltr'><strong>si</strong></span> <span class='ocrx_word' id='word_1_230' title='bbox 944 2646 1030 2721; x_wconf 89' lang='lat' dir='ltr'><strong>legem</strong></span> <span class='ocrx_word' id='word_1_231' title='bbox 1053 2647 1124 2702; x_wconf 89' lang='lat' dir='ltr'><strong>lcrre</strong></span> <span class='ocrx_word' id='word_1_232' title='bbox 1139 2648 1241 2721; x_wconf 87' lang='lat' dir='ltr'><strong>possit,</strong></span> <span class='ocrx_word' id='word_1_233' title='bbox 1264 2665 1315 2720; x_wconf 79' lang='lat' dir='ltr'><strong>qua</strong></span> <span class='ocrx_word' id='word_1_234' title='bbox 1331 2647 1471 2703; x_wconf 80' lang='lat' dir='ltr'><strong>Christum</strong></span> 
     </span>
     <span class='ocr_line' id='line_1_28' title="bbox 186 2730 1472 2805; baseline -0.002 -15"><span class='ocrx_word' id='word_1_235' title='bbox 186 2735 267 2790; x_wconf 90' lang='lat' dir='ltr'><strong>etiam</strong></span> <span class='ocrx_word' id='word_1_236' title='bbox 288 2734 392 2794; x_wconf 86' lang='lat' dir='ltr'><strong>eludat.</strong></span> <span class='ocrx_word' id='word_1_237' title='bbox 415 2733 511 2788; x_wconf 90' lang='lat' dir='ltr'><strong>nedum</strong></span> <span class='ocrx_word' id='word_1_238' title='bbox 535 2731 694 2788; x_wconf 85' lang='lat' dir='ltr'><strong>concilium:</strong></span> <span class='ocrx_word' id='word_1_239' title='bbox 717 2749 867 2805; x_wconf 83' lang='lat' dir='ltr'><strong>quanquam</strong></span> <span class='ocrx_word' id='word_1_240' title='bbox 884 2733 1011 2788; x_wconf 89' lang='lat' dir='ltr'><strong>adversus</strong></span> <span class='ocrx_word' id='word_1_241' title='bbox 1026 2732 1179 2786; x_wconf 91' lang='lat' dir='ltr'><strong>huiusmodi</strong></span> <span class='ocrx_word' id='word_1_242' title='bbox 1195 2730 1357 2804; x_wconf 87' lang='lat' dir='ltr'><strong>pontificem.</strong></span> <span class='ocrx_word' id='word_1_243' title='bbox 1379 2733 1472 2788; x_wconf 87' lang='lat' dir='ltr'><strong>cuius·</strong></span> 
     </span>
     <span class='ocr_line' id='line_1_29' title="bbox 187 2816 1471 2891; baseline 0 -17"><span class='ocrx_word' id='word_1_244' title='bbox 187 2819 257 2874; x_wconf 91' lang='lat' dir='ltr'><strong>modi</strong></span> <span class='ocrx_word' id='word_1_245' title='bbox 280 2828 310 2875; x_wconf 88' lang='lat' dir='ltr'><strong>tu</strong></span> <span class='ocrx_word' id='word_1_246' title='bbox 333 2819 413 2874; x_wconf 90' lang='lat' dir='ltr'><strong>modo</strong></span> <span class='ocrx_word' id='word_1_247' title='bbox 435 2818 615 2891; x_wconf 86' lang='lat' dir='ltr'><strong>descripsisti,</strong></span> <span class='ocrx_word' id='word_1_248' title='bbox 646 2816 732 2890; x_wconf 87' lang='lat' dir='ltr'><strong>palam</strong></span> <span class='ocrx_word' id='word_1_249' title='bbox 756 2816 935 2879; x_wconf 87' lang='lat' dir='ltr'><strong>scelerosum,</strong></span> <span class='ocrx_word' id='word_1_250' title='bbox 963 2816 1152 2877; x_wconf 89' lang='lat' dir='ltr'><strong>temulentum.</strong></span> <span class='ocrx_word' id='word_1_251' title='bbox 1182 2816 1355 2879; x_wconf 90' lang='lat' dir='ltr'><strong>homicidam,</strong></span> <span class='ocrx_word' id='word_1_252' title='bbox 1386 2818 1471 2874; x_wconf 86' lang='lat' dir='ltr'><strong>simo·</strong></span> 
     </span>
     <span class='ocr_line' id='line_1_30' title="bbox 186 2900 1471 2976; baseline -0.001 -16"><span class='ocrx_word' id='word_1_253' title='bbox 186 2904 305 2966; x_wconf 78' lang='lat' dir='ltr'><strong>nircum,</strong></span> <span class='ocrx_word' id='word_1_254' title='bbox 331 2902 489 2965; x_wconf 83' lang='lat' dir='ltr'><strong>veneficum,</strong></span> <span class='ocrx_word' id='word_1_255' title='bbox 513 2902 665 2976; x_wconf 91' lang='lat' dir='ltr'><strong>periurum,</strong></span> <span class='ocrx_word' id='word_1_256' title='bbox 688 2918 823 2976; x_wconf 84' lang='lat' dir='ltr'><strong>rapacem,</strong></span> <span class='ocrx_word' id='word_1_257' title='bbox 844 2902 1012 2976; x_wconf 81' lang='lat' dir='ltr'><strong>portentosis</strong></span> <span class='ocrx_word' id='word_1_258' title='bbox 1034 2900 1172 2956; x_wconf 91' lang='lat' dir='ltr'><strong>libidinum</strong></span> <span class='ocrx_word' id='word_1_259' title='bbox 1188 2901 1333 2974; x_wconf 90' lang='lat' dir='ltr'><strong>generibus</strong></span> <span class='ocrx_word' id='word_1_260' title='bbox 1349 2902 1471 2975; x_wconf 86' lang='lat' dir='ltr'><strong>undique</strong></span> 
     </span>
     <span class='ocr_line' id='line_1_31' title="bbox 118 2984 1507 3064; baseline -0.002 -17"><span class='ocrx_word' id='word_1_261' title='bbox 118 3042 119 3047; x_wconf 73' lang='grc'>,</span> <span class='ocrx_word' id='word_1_262' title='bbox 186 2998 408 3064; x_wconf 86' lang='lat' dir='ltr'><strong>conspurcatum.</strong></span> <span class='ocrx_word' id='word_1_263' title='bbox 439 2988 518 3062; x_wconf 87' lang='lat' dir='ltr'><strong>idqne</strong></span> <span class='ocrx_word' id='word_1_264' title='bbox 545 2985 696 3061; x_wconf 85' lang='lat' dir='ltr'><strong>propalam,</strong></span> <span class='ocrx_word' id='word_1_265' title='bbox 729 3004 782 3042; x_wconf 92' lang='lat' dir='ltr'><strong>nou</strong></span> <span class='ocrx_word' id='word_1_266' title='bbox 806 2996 858 3042; x_wconf 88' lang='lat' dir='ltr'><strong>tarn</strong></span> <span class='ocrx_word' id='word_1_267' title='bbox 882 2987 1026 3061; x_wconf 91' lang='lat' dir='ltr'><strong>optandum</strong></span> <span class='ocrx_word' id='word_1_268' title='bbox 1053 2985 1178 3059; x_wconf 89' lang='lat' dir='ltr'><strong>generale</strong></span> <span class='ocrx_word' id='word_1_269' title='bbox 1199 2984 1356 3047; x_wconf 88' lang='lat' dir='ltr'><strong>concilium,</strong></span> <span class='ocrx_word' id='word_1_270' title='bbox 1387 3004 1507 3061; x_wconf 81' lang='lat' dir='ltr'><strong>quamso</strong></span> 
     </span>
     <span class='ocr_line' id='line_1_32' title="bbox 122 3070 1470 3149; baseline -0.001 -19"><span class='ocrx_word' id='word_1_271' title='bbox 122 3083 216 3137; x_wconf 75' lang='lat' dir='ltr'><strong>§.aaut</strong></span> <span class='ocrx_word' id='word_1_272' title='bbox 239 3074 316 3149; x_wconf 87' lang='lat' dir='ltr'><strong>plebs</strong></span> <span class='ocrx_word' id='word_1_273' title='bbox 338 3082 439 3129; x_wconf 85' lang='lat' dir='ltr'><strong>armata</strong></span> <span class='ocrx_word' id='word_1_274' title='bbox 460 3072 530 3128; x_wconf 87' lang='lat' dir='ltr'><strong>saxis</strong></span> <span class='ocrx_word' id='word_1_275' title='bbox 552 3081 582 3127; x_wconf 90' lang='lat' dir='ltr'><strong>ut</strong></span> <span class='ocrx_word' id='word_1_276' title='bbox 604 3071 736 3145; x_wconf 88' lang='lat' dir='ltr'><strong>publicam</strong></span> <span class='ocrx_word' id='word_1_277' title='bbox 762 3071 836 3127; x_wconf 88' lang='lat' dir='ltr'><strong>orbis</strong></span> <span class='ocrx_word' id='word_1_278' title='bbox 866 3081 966 3146; x_wconf 84' lang='lat' dir='ltr'><strong>pestem</strong></span> <span class='ocrx_word' id='word_1_279' title='bbox 997 3089 1011 3127; x_wconf 90' lang='lat' dir='ltr'><strong>e</strong></span> <span class='ocrx_word' id='word_1_280' title='bbox 1040 3071 1126 3127; x_wconf 87' lang='lat' dir='ltr'><strong>medio</strong></span> <span class='ocrx_word' id='word_1_281' title='bbox 1154 3070 1240 3127; x_wconf 89' lang='lat' dir='ltr'><strong>tollat.</strong></span> <span class='ocrx_word' id='word_1_282' title='bbox 1285 3070 1383 3127; x_wconf 78' lang='lat' dir='ltr'><strong>Verum</strong></span> <span class='ocrx_word' id='word_1_283' title='bbox 1410 3090 1470 3145; x_wconf 86' lang='lat' dir='ltr'><strong>age,</strong></span> 
     </span>
     <span class='ocr_line' id='line_1_33' title="bbox 185 3153 1309 3231; baseline -0.005 -17"><span class='ocrx_word' id='word_1_284' title='bbox 185 3159 227 3214; x_wconf 91' lang='lat' dir='ltr'><strong>dic</strong></span> <span class='ocrx_word' id='word_1_285' title='bbox 251 3159 314 3214; x_wconf 93' lang='lat' dir='ltr'><strong>mihi</strong></span> <span class='ocrx_word' id='word_1_286' title='bbox 337 3176 386 3216; x_wconf 92' lang='lat' dir='ltr'><strong>cur</strong></span> <span class='ocrx_word' id='word_1_287' title='bbox 406 3159 540 3214; x_wconf 85' lang='lat' dir='ltr'><strong>Rorxxauus</strong></span> <span class='ocrx_word' id='word_1_288' title='bbox 562 3156 684 3231; x_wconf 89' lang='lat' dir='ltr'><strong>pontilex</strong></span> <span class='ocrx_word' id='word_1_289' title='bbox 707 3164 848 3230; x_wconf 88' lang='lat' dir='ltr'><strong>tantopere</strong></span> <span class='ocrx_word' id='word_1_290' title='bbox 870 3156 980 3212; x_wconf 86' lang='lat' dir='ltr'><strong>horreat</strong></span> <span class='ocrx_word' id='word_1_291' title='bbox 1001 3153 1126 3229; x_wconf 89' lang='lat' dir='ltr'><strong>generale</strong></span> <span class='ocrx_word' id='word_1_292' title='bbox 1148 3155 1309 3211; x_wconf 87' lang='lat' dir='ltr'><strong>concilium?</strong></span> 
     </span>
     <span class='ocr_line' id='line_1_34' title="bbox 249 3239 1473 3314; baseline -0.002 -15"><span class='ocrx_word' id='word_1_293' title='bbox 249 3243 368 3300; x_wconf 92' lang='lat' dir='ltr'><strong>lulius.</strong></span> <span class='ocrx_word' id='word_1_294' title='bbox 406 3243 475 3312; x_wconf 81' lang='lat' dir='ltr'><strong>Quin</strong></span> <span class='ocrx_word' id='word_1_295' title='bbox 497 3243 601 3298; x_wconf 91' lang='lat' dir='ltr'><strong>idema</strong></span> <span class='ocrx_word' id='word_1_296' title='bbox 630 3241 782 3298; x_wconf 90' lang='lat' dir='ltr'><strong>monarchis</strong></span> <span class='ocrx_word' id='word_1_297' title='bbox 805 3242 919 3314; x_wconf 74' lang='lat' dir='ltr'><strong>queris,</strong></span> <span class='ocrx_word' id='word_1_298' title='bbox 945 3259 995 3298; x_wconf 89' lang='lat' dir='ltr'><strong>cur</strong></span> <span class='ocrx_word' id='word_1_299' title='bbox 1017 3248 1138 3296; x_wconf 87' lang='lat' dir='ltr'><strong>senatum</strong></span> <span class='ocrx_word' id='word_1_300' title='bbox 1167 3248 1194 3295; x_wconf 90' lang='lat' dir='ltr'><strong>et</strong></span> <span class='ocrx_word' id='word_1_301' title='bbox 1215 3239 1335 3295; x_wconf 87' lang='lat' dir='ltr'><strong>celebres</strong></span> <span class='ocrx_word' id='word_1_302' title='bbox 1358 3258 1473 3297; x_wconf 89' lang='lat' dir='ltr'><strong>conses-</strong></span> 
     </span>
     <span class='ocr_line' id='line_1_35' title="bbox 186 3323 1473 3402; baseline -0.003 -16"><span class='ocrx_word' id='word_1_303' title='bbox 186 3347 234 3385; x_wconf 92' lang='lat' dir='ltr'><strong>sus</strong></span> <span class='ocrx_word' id='word_1_304' title='bbox 254 3329 378 3386; x_wconf 90' lang='lat' dir='ltr'><strong>oderint?</strong></span> <span class='ocrx_word' id='word_1_305' title='bbox 407 3346 503 3402; x_wconf 90' lang='lat' dir='ltr'><strong>nempe</strong></span> <span class='ocrx_word' id='word_1_306' title='bbox 531 3326 604 3401; x_wconf 88' lang='lat' dir='ltr'><strong>quod</strong></span> <span class='ocrx_word' id='word_1_307' title='bbox 631 3325 709 3382; x_wconf 90' lang='lat' dir='ltr'><strong>turba</strong></span> <span class='ocrx_word' id='word_1_308' title='bbox 738 3335 780 3382; x_wconf 90' lang='lat' dir='ltr'><strong>tot</strong></span> <span class='ocrx_word' id='word_1_309' title='bbox 807 3326 992 3383; x_wconf 91' lang='lat' dir='ltr'><strong>excellentium</strong></span> <span class='ocrx_word' id='word_1_310' title='bbox 1016 3327 1132 3381; x_wconf 88' lang='lat' dir='ltr'><strong>virorum</strong></span> <span class='ocrx_word' id='word_1_311' title='bbox 1161 3323 1283 3380; x_wconf 91' lang='lat' dir='ltr'><strong>nonnihil</strong></span> <span class='ocrx_word' id='word_1_312' title='bbox 1307 3324 1473 3382; x_wconf 88' lang='lat' dir='ltr'><strong>obscuretur</strong></span> 
     </span>
     <span class='ocr_line' id='line_1_36' title="bbox 186 3409 1509 3488; baseline -0.002 -19"><span class='ocrx_word' id='word_1_313' title='bbox 186 3415 259 3488; x_wconf 90' lang='lat' dir='ltr'><strong>regia</strong></span> <span class='ocrx_word' id='word_1_314' title='bbox 283 3414 417 3487; x_wconf 82' lang='lat' dir='ltr'><strong>dignitas:</strong></span> <span class='ocrx_word' id='word_1_315' title='bbox 441 3414 486 3487; x_wconf 90' lang='lat' dir='ltr'><strong>qui</strong></span> <span class='ocrx_word' id='word_1_316' title='bbox 508 3412 579 3469; x_wconf 71' lang='lat' dir='ltr'><strong>direti</strong></span> <span class='ocrx_word' id='word_1_317' title='bbox 603 3419 680 3473; x_wconf 90' lang='lat' dir='ltr'><strong>sunt,</strong></span> <span class='ocrx_word' id='word_1_318' title='bbox 705 3412 737 3467; x_wconf 85' lang='lat' dir='ltr'><strong>ris</strong></span> <span class='ocrx_word' id='word_1_319' title='bbox 760 3411 845 3468; x_wconf 75' lang='lat' dir='ltr'><strong>litera</strong></span> <span class='ocrx_word' id='word_1_320' title='bbox 866 3411 982 3467; x_wconf 80' lang='lat' dir='ltr'><strong>halutiam</strong></span> <span class='ocrx_word' id='word_1_321' title='bbox 1006 3410 1137 3472; x_wconf 86' lang='lat' dir='ltr'><strong>redduut;</strong></span> <span class='ocrx_word' id='word_1_322' title='bbox 1167 3409 1212 3483; x_wconf 93' lang='lat' dir='ltr'><strong>qui</strong></span> <span class='ocrx_word' id='word_1_323' title='bbox 1234 3409 1305 3466; x_wconf 88' lang='lat' dir='ltr'><strong>bona</strong></span> <span class='ocrx_word' id='word_1_324' title='bbox 1329 3411 1509 3467; x_wconf 72' lang='lat' dir='ltr'><strong>conscienas</strong></span> 
     </span>
     <span class='ocr_line' id='line_1_37' title="bbox 188 3494 1472 3570; baseline -0.002 -16"><span class='ocrx_word' id='word_1_325' title='bbox 188 3499 224 3554; x_wconf 83' lang='lat' dir='ltr'><strong>tia</strong></span> <span class='ocrx_word' id='word_1_326' title='bbox 250 3500 329 3565; x_wconf 86' lang='lat' dir='ltr'><strong>heti,</strong></span> <span class='ocrx_word' id='word_1_327' title='bbox 359 3498 470 3555; x_wconf 89' lang='lat' dir='ltr'><strong>liberius</strong></span> <span class='ocrx_word' id='word_1_328' title='bbox 494 3498 644 3570; x_wconf 82' lang='lat' dir='ltr'><strong>loquuntur</strong></span> <span class='ocrx_word' id='word_1_329' title='bbox 666 3514 745 3570; x_wconf 90' lang='lat' dir='ltr'><strong>qnam</strong></span> <span class='ocrx_word' id='word_1_330' title='bbox 773 3496 850 3552; x_wconf 89' lang='lat' dir='ltr'><strong>nobis</strong></span> <span class='ocrx_word' id='word_1_331' title='bbox 874 3496 1008 3570; x_wconf 89' lang='lat' dir='ltr'><strong>expediat;</strong></span> <span class='ocrx_word' id='word_1_332' title='bbox 1040 3496 1086 3569; x_wconf 93' lang='lat' dir='ltr'><strong>qui</strong></span> <span class='ocrx_word' id='word_1_333' title='bbox 1113 3495 1244 3567; x_wconf 83' lang='lat' dir='ltr'><strong>dignitate</strong></span> <span class='ocrx_word' id='word_1_334' title='bbox 1272 3494 1395 3567; x_wconf 74' lang='lat' dir='ltr'><strong>praediti,</strong></span> <span class='ocrx_word' id='word_1_335' title='bbox 1423 3513 1472 3551; x_wconf 85' lang='lat' dir='ltr'><strong>an-</strong></span> 
     </span>
     <span class='ocr_line' id='line_1_38' title="bbox 118 3579 1474 3652; baseline -0.001 -12"><span class='ocrx_word' id='word_1_336' title='bbox 118 3585 317 3641; x_wconf 68' lang='lat' dir='ltr'><strong>ituthoritate</strong></span> <span class='ocrx_word' id='word_1_337' title='bbox 349 3592 464 3640; x_wconf 88' lang='lat' dir='ltr'><strong>utuntur</strong></span> <span class='ocrx_word' id='word_1_338' title='bbox 497 3601 552 3639; x_wconf 91' lang='lat' dir='ltr'><strong>sua.</strong></span> <span class='ocrx_word' id='word_1_339' title='bbox 592 3583 722 3639; x_wconf 88' lang='lat' dir='ltr'><strong>accedunt</strong></span> <span class='ocrx_word' id='word_1_340' title='bbox 754 3590 780 3637; x_wconf 90' lang='lat' dir='ltr'><strong>et</strong></span> <span class='ocrx_word' id='word_1_341' title='bbox 809 3581 880 3637; x_wconf 90' lang='lat' dir='ltr'><strong>inter</strong></span> <span class='ocrx_word' id='word_1_342' title='bbox 902 3582 952 3636; x_wconf 91' lang='lat' dir='ltr'><strong>hos</strong></span> <span class='ocrx_word' id='word_1_343' title='bbox 979 3579 1116 3641; x_wconf 89' lang='lat' dir='ltr'><strong>nonnulli,</strong></span> <span class='ocrx_word' id='word_1_344' title='bbox 1150 3579 1195 3652; x_wconf 76' lang='lat' dir='ltr'><strong>qui</strong></span> <span class='ocrx_word' id='word_1_345' title='bbox 1222 3587 1324 3635; x_wconf 83' lang='lat' dir='ltr'><strong>nostrae</strong></span> <span class='ocrx_word' id='word_1_346' title='bbox 1350 3580 1474 3638; x_wconf 83' lang='lat' dir='ltr'><strong>inrident</strong></span> 
     </span>
     <span class='ocr_line' id='line_1_39' title="bbox 185 3663 1474 3743; baseline -0.002 -19"><span class='ocrx_word' id='word_1_347' title='bbox 185 3669 294 3743; x_wconf 78' lang='lat' dir='ltr'><strong>gloriae,</strong></span> <span class='ocrx_word' id='word_1_348' title='bbox 318 3679 346 3725; x_wconf 91' lang='lat' dir='ltr'><strong>et</strong></span> <span class='ocrx_word' id='word_1_349' title='bbox 366 3670 437 3726; x_wconf 93' lang='lat' dir='ltr'><strong>hunc</strong></span> <span class='ocrx_word' id='word_1_350' title='bbox 458 3668 573 3724; x_wconf 89' lang='lat' dir='ltr'><strong>animum</strong></span> <span class='ocrx_word' id='word_1_351' title='bbox 597 3685 688 3723; x_wconf 89' lang='lat' dir='ltr'><strong>secum</strong></span> <span class='ocrx_word' id='word_1_352' title='bbox 711 3666 839 3727; x_wconf 88' lang='lat' dir='ltr'><strong>allcrunt,</strong></span> <span class='ocrx_word' id='word_1_353' title='bbox 872 3674 903 3721; x_wconf 91' lang='lat' dir='ltr'><strong>ut</strong></span> <span class='ocrx_word' id='word_1_354' title='bbox 923 3665 1043 3721; x_wconf 89' lang='lat' dir='ltr'><strong>minuant</strong></span> <span class='ocrx_word' id='word_1_355' title='bbox 1066 3663 1200 3738; x_wconf 81' lang='lat' dir='ltr'><strong>pontilicis</strong></span> <span class='ocrx_word' id='word_1_356' title='bbox 1226 3672 1254 3719; x_wconf 89' lang='lat' dir='ltr'><strong>et</strong></span> <span class='ocrx_word' id='word_1_357' title='bbox 1282 3681 1349 3738; x_wconf 88' lang='lat' dir='ltr'><strong>opes</strong></span> <span class='ocrx_word' id='word_1_358' title='bbox 1373 3674 1402 3720; x_wconf 90' lang='lat' dir='ltr'><strong>et</strong></span> <span class='ocrx_word' id='word_1_359' title='bbox 1424 3684 1474 3723; x_wconf 90' lang='lat' dir='ltr'><strong>au·</strong></span> 
     </span>
    </p>
   </div>
   <div class='ocr_carea' id='block_1_3' title="bbox 181 3931 1477 4754">
    <p class='ocr_par' dir='ltr' id='par_1_3' title="bbox 181 3931 1477 4754">
     <span class='ocr_line' id='line_1_40' title="bbox 251 3931 1473 3987; baseline -0.001 -2"><span class='ocrx_word' id='word_1_360' title='bbox 251 3935 500 3987; x_wconf 67' lang='lat' dir='ltr'><strong>‘incommuta</strong></span> <span class='ocrx_word' id='word_1_361' title='bbox 530 3934 634 3983; x_wconf 81' lang='lat' dir='ltr'><strong>lernam</strong></span> <span class='ocrx_word' id='word_1_362' title='bbox 653 3936 801 3986; x_wconf 66' lang='lat' dir='ltr'><strong>esaum.</strong></span> <span class='ocrx_word' id='word_1_363' title='bbox 837 3933 948 3982; x_wconf 80' lang='lat' dir='ltr'><strong>lmrnnm</strong></span> <span class='ocrx_word' id='word_1_364' title='bbox 969 3935 1009 3984; x_wconf 82' lang='lat' dir='ltr'><strong>lt.</strong></span> <span class='ocrx_word' id='word_1_365' title='bbox 1072 3931 1137 3980; x_wconf 78' lang='lat' dir='ltr'><strong>‘’ob</strong></span> <span class='ocrx_word' id='word_1_366' title='bbox 1156 3933 1210 3981; x_wconf 82' lang='lat' dir='ltr'><strong>istu</strong></span> <span class='ocrx_word' id='word_1_367' title='bbox 1228 3931 1384 3982; x_wconf 88' lang='lat' dir='ltr'><strong>submoueri</strong></span> <span class='ocrx_word' id='word_1_368' title='bbox 1410 3938 1473 3987; x_wconf 67' lang='lat'><strong>23.</strong></span> 
     </span>
     <span class='ocr_line' id='line_1_41' title="bbox 185 4016 1474 4078; baseline -0.002 -6"><span class='ocrx_word' id='word_1_369' title='bbox 185 4025 323 4075; x_wconf 62' lang='lat' dir='ltr'><strong>adibit.</strong></span> <span class='ocrx_word' id='word_1_370' title='bbox 359 4021 493 4069; x_wconf 71' lang='lat' dir='ltr'><strong>&#39;Nouam</strong></span> <span class='ocrx_word' id='word_1_371' title='bbox 511 4035 576 4069; x_wconf 88' lang='lat' dir='ltr'><strong>uero</strong></span> <span class='ocrx_word' id='word_1_372' title='bbox 595 4037 629 4071; x_wconf 87' lang='lat' dir='ltr'><strong>m,</strong></span> <span class='ocrx_word' id='word_1_373' title='bbox 650 4022 842 4071; x_wconf 77' lang='lat'><em>2.3.5.8.11.15.</em></span> <span class='ocrx_word' id='word_1_374' title='bbox 883 4018 983 4078; x_wconf 80' lang='lat' dir='ltr'><strong>⁸Qnin</strong></span> <span class='ocrx_word' id='word_1_375' title='bbox 1003 4019 1069 4068; x_wconf 74' lang='lat' dir='ltr'><strong>mo.</strong></span> <span class='ocrx_word' id='word_1_376' title='bbox 1093 4016 1161 4064; x_wconf 87' lang='lat' dir='ltr'><strong>Tum</strong></span> <span class='ocrx_word' id='word_1_377' title='bbox 1181 4019 1304 4068; x_wconf 80' lang='lat'><em>2.3.5.11,</em></span> <span class='ocrx_word' id='word_1_378' title='bbox 1330 4022 1387 4066; x_wconf 89' lang='lat' dir='ltr'><strong>tum</strong></span> <span class='ocrx_word' id='word_1_379' title='bbox 1400 4021 1474 4072; x_wconf 70' lang='lat' dir='ltr'><strong>uta.</strong></span> 
     </span>
     <span class='ocr_line' id='line_1_42' title="bbox 187 4099 1474 4166; baseline -0.004 -8"><span class='ocrx_word' id='word_1_380' title='bbox 187 4105 208 4139; x_wconf 80' lang='lat'><strong>¹⁰</strong></span> <span class='ocrx_word' id='word_1_381' title='bbox 225 4107 325 4157; x_wconf 86' lang='lat' dir='ltr'><strong>toleret</strong></span> <span class='ocrx_word' id='word_1_382' title='bbox 343 4108 470 4158; x_wconf 78' lang='lat' dir='ltr'><strong>2.3.8.ll.</strong></span> <span class='ocrx_word' id='word_1_383' title='bbox 523 4104 541 4136; x_wconf 83' lang='lat'><strong>¹¹</strong></span> <span class='ocrx_word' id='word_1_384' title='bbox 562 4104 803 4166; x_wconf 80' lang='lat' dir='ltr'><strong>Quidemonn&#39;r.5.</strong></span> <span class='ocrx_word' id='word_1_385' title='bbox 862 4117 942 4150; x_wconf 82' lang='lat' dir='ltr'><strong>aruum</strong></span> <span class='ocrx_word' id='word_1_386' title='bbox 962 4100 1089 4165; x_wconf 79' lang='lat' dir='ltr'><strong>quiddam</strong></span> <span class='ocrx_word' id='word_1_387' title='bbox 1108 4100 1132 4148; x_wconf 90' lang='lat' dir='ltr'><strong>d.</strong></span> <span class='ocrx_word' id='word_1_388' title='bbox 1152 4102 1276 4152; x_wconf 82' lang='grc'><em>2.3.8.11.</em></span> <span class='ocrx_word' id='word_1_389' title='bbox 1332 4099 1410 4164; x_wconf 82' lang='lat' dir='ltr'><strong>polle</strong></span> <span class='ocrx_word' id='word_1_390' title='bbox 1430 4104 1474 4153; x_wconf 89' lang='lat' dir='ltr'><strong>di·</strong></span> 
     </span>
     <span class='ocr_line' id='line_1_43' title="bbox 185 4183 1474 4245; baseline -0.002 -3"><span class='ocrx_word' id='word_1_391' title='bbox 185 4199 259 4244; x_wconf 82' lang='lat' dir='ltr'><strong>cunt.</strong></span> <span class='ocrx_word' id='word_1_392' title='bbox 280 4194 433 4245; x_wconf 81' lang='lat'><strong>2,3.5.8.11.</strong></span> <span class='ocrx_word' id='word_1_393' title='bbox 487 4188 507 4220; x_wconf 85' lang='lat'><strong>¹³</strong></span> <span class='ocrx_word' id='word_1_394' title='bbox 527 4189 619 4239; x_wconf 80' lang='lat' dir='ltr'><strong>dixisti</strong></span> <span class='ocrx_word' id='word_1_395' title='bbox 640 4192 775 4240; x_wconf 81' lang='grc'><em>1.5.10.15.</em></span> <span class='ocrx_word' id='word_1_396' title='bbox 801 4188 856 4237; x_wconf 78' lang='lat' dir='ltr'><strong>dixi</strong></span> <span class='ocrx_word' id='word_1_397' title='bbox 876 4189 1000 4239; x_wconf 79' lang='lat' dir='ltr'><strong>2.3.8.1l,</strong></span> <span class='ocrx_word' id='word_1_398' title='bbox 1049 4183 1069 4216; x_wconf 78' lang='lat'><strong>¹⁴</strong></span> <span class='ocrx_word' id='word_1_399' title='bbox 1089 4191 1116 4234; x_wconf 84' lang='lat' dir='ltr'><strong>et</strong></span> <span class='ocrx_word' id='word_1_400' title='bbox 1135 4188 1272 4236; x_wconf 82' lang='lat' dir='ltr'><strong>l.5.10.15.</strong></span> <span class='ocrx_word' id='word_1_401' title='bbox 1293 4190 1322 4234; x_wconf 83' lang='lat' dir='ltr'><strong>ut</strong></span> <span class='ocrx_word' id='word_1_402' title='bbox 1341 4189 1474 4242; x_wconf 76' lang='lat'><strong><em>2.3.8.11.</em></strong></span> 
     </span>
     <span class='ocr_line' id='line_1_44' title="bbox 185 4269 1474 4339; baseline -0.003 -12"><span class='ocrx_word' id='word_1_403' title='bbox 185 4276 206 4309; x_wconf 79' lang='lat'><strong>¹⁶</strong></span> <span class='ocrx_word' id='word_1_404' title='bbox 225 4277 266 4327; x_wconf 93' lang='lat' dir='ltr'><strong>illi</strong></span> <span class='ocrx_word' id='word_1_405' title='bbox 285 4282 308 4327; x_wconf 85' lang='lat'><strong>1.</strong></span> <span class='ocrx_word' id='word_1_406' title='bbox 322 4282 347 4326; x_wconf 85' lang='lat' dir='ltr'><strong>et</strong></span> <span class='ocrx_word' id='word_1_407' title='bbox 359 4293 383 4325; x_wconf 86' lang='lat' dir='ltr'><strong>c.</strong></span> <span class='ocrx_word' id='word_1_408' title='bbox 396 4292 443 4325; x_wconf 89' lang='lat' dir='ltr'><strong>om.</strong></span> <span class='ocrx_word' id='word_1_409' title='bbox 457 4275 509 4323; x_wconf 75' lang='lat' dir='ltr'><strong>atti,</strong></span> <span class='ocrx_word' id='word_1_410' title='bbox 562 4273 582 4306; x_wconf 84' lang='lat'><strong>²¹</strong></span> <span class='ocrx_word' id='word_1_411' title='bbox 601 4275 765 4339; x_wconf 83' lang='lat' dir='ltr'><strong>dignitatem</strong></span> <span class='ocrx_word' id='word_1_412' title='bbox 784 4274 921 4324; x_wconf 59' lang='lat' dir='ltr'><strong>turona,</strong></span> <span class='ocrx_word' id='word_1_413' title='bbox 952 4275 1117 4336; x_wconf 80' lang='lat' dir='ltr'><strong>potestatem</strong></span> <span class='ocrx_word' id='word_1_414' title='bbox 1132 4273 1255 4321; x_wconf 78' lang='lat' dir='ltr'><strong>².3.8.ll.</strong></span> <span class='ocrx_word' id='word_1_415' title='bbox 1291 4269 1474 4326; x_wconf 59' lang='lat' dir='ltr'><strong>”codicis</strong></span> 
     </span>
     <span class='ocr_line' id='line_1_45' title="bbox 186 4352 1476 4422; baseline -0.003 -11"><span class='ocrx_word' id='word_1_416' title='bbox 186 4363 294 4413; x_wconf 85' lang='lat' dir='ltr'><strong>condit?</strong></span> <span class='ocrx_word' id='word_1_417' title='bbox 312 4365 337 4412; x_wconf 82' lang='lat'><strong>8.</strong></span> <span class='ocrx_word' id='word_1_418' title='bbox 400 4357 422 4391; x_wconf 79' lang='lat'><strong>²⁴</strong></span> <span class='ocrx_word' id='word_1_419' title='bbox 441 4359 593 4422; x_wconf 81' lang='lat' dir='ltr'><strong>astringere</strong></span> <span class='ocrx_word' id='word_1_420' title='bbox 613 4360 809 4410; x_wconf 66' lang='lat' dir='ltr'><strong>unanima.</strong></span> <span class='ocrx_word' id='word_1_421' title='bbox 879 4355 901 4386; x_wconf 84' lang='lat'><strong>³⁰</strong></span> <span class='ocrx_word' id='word_1_422' title='bbox 920 4361 1115 4421; x_wconf 84' lang='lat' dir='ltr'><strong>eonspucstum</strong></span> <span class='ocrx_word' id='word_1_423' title='bbox 1134 4359 1157 4402; x_wconf 82' lang='lat'><strong>5.</strong></span> <span class='ocrx_word' id='word_1_424' title='bbox 1222 4352 1242 4384; x_wconf 80' lang='lat'><strong>³¹</strong></span> <span class='ocrx_word' id='word_1_425' title='bbox 1261 4362 1292 4404; x_wconf 85' lang='lat' dir='ltr'><strong>ut</strong></span> <span class='ocrx_word' id='word_1_426' title='bbox 1314 4357 1386 4406; x_wconf 69' lang='lat' dir='ltr'><strong>onus.</strong></span> <span class='ocrx_word' id='word_1_427' title='bbox 1400 4362 1476 4411; x_wconf 58' lang='lat'><strong>515,</strong></span> 
     </span>
     <span class='ocr_line' id='line_1_46' title="bbox 184 4438 1476 4512; baseline -0.002 -15"><span class='ocrx_word' id='word_1_428' title='bbox 184 4448 334 4512; x_wconf 86' lang='lat' dir='ltr'><strong>publicitus</strong></span> <span class='ocrx_word' id='word_1_429' title='bbox 353 4445 410 4496; x_wconf 93' lang='lat' dir='ltr'><strong>orb,</strong></span> <span class='ocrx_word' id='word_1_430' title='bbox 424 4461 449 4508; x_wconf 89' lang='lat' dir='ltr'><strong>p.</strong></span> <span class='ocrx_word' id='word_1_431' title='bbox 464 4442 545 4491; x_wconf 83' lang='lat' dir='ltr'><strong>tollet</strong></span> <span class='ocrx_word' id='word_1_432' title='bbox 563 4459 577 4493; x_wconf 92' lang='lat' dir='ltr'><strong>e</strong></span> <span class='ocrx_word' id='word_1_433' title='bbox 597 4443 684 4492; x_wconf 91' lang='lat' dir='ltr'><strong>medio</strong></span> <span class='ocrx_word' id='word_1_434' title='bbox 703 4446 727 4491; x_wconf 78' lang='lat'><strong>5.</strong></span> <span class='ocrx_word' id='word_1_435' title='bbox 797 4457 820 4492; x_wconf 92' lang='lat' dir='ltr'><strong>o.</strong></span> <span class='ocrx_word' id='word_1_436' title='bbox 835 4457 859 4504; x_wconf 89' lang='lat' dir='ltr'><strong>p.</strong></span> <span class='ocrx_word' id='word_1_437' title='bbox 881 4440 1029 4505; x_wconf 86' lang='lat' dir='ltr'><strong>publicitus</strong></span> <span class='ocrx_word' id='word_1_438' title='bbox 1052 4438 1131 4488; x_wconf 85' lang='lat' dir='ltr'><strong>tollet</strong></span> <span class='ocrx_word' id='word_1_439' title='bbox 1156 4455 1169 4487; x_wconf 92' lang='lat' dir='ltr'><strong>e</strong></span> <span class='ocrx_word' id='word_1_440' title='bbox 1189 4440 1277 4488; x_wconf 89' lang='lat' dir='ltr'><strong>medio</strong></span> <span class='ocrx_word' id='word_1_441' title='bbox 1297 4444 1476 4495; x_wconf 80' lang='grc'><strong><em>2.3.8.11.15.</em></strong></span> 
     </span>
     <span class='ocr_line' id='line_1_47' title="bbox 183 4523 1477 4597; baseline -0.001 -18"><span class='ocrx_word' id='word_1_442' title='bbox 183 4531 205 4563; x_wconf 73' lang='lat'><strong>³²</strong></span> <span class='ocrx_word' id='word_1_443' title='bbox 224 4533 286 4597; x_wconf 90' lang='lat' dir='ltr'><strong>quid</strong></span> <span class='ocrx_word' id='word_1_444' title='bbox 307 4537 349 4581; x_wconf 83' lang='lat' dir='ltr'><strong>cst</strong></span> <span class='ocrx_word' id='word_1_445' title='bbox 368 4544 468 4589; x_wconf 75' lang='lat' dir='ltr'><strong>cataste,</strong></span> <span class='ocrx_word' id='word_1_446' title='bbox 489 4542 537 4576; x_wconf 88' lang='lat' dir='ltr'><strong>eur</strong></span> <span class='ocrx_word' id='word_1_447' title='bbox 555 4531 748 4580; x_wconf 58' lang='lat' dir='ltr'><strong>usandum.</strong></span> <span class='ocrx_word' id='word_1_448' title='bbox 796 4526 1029 4576; x_wconf 81' lang='lat' dir='ltr'><strong>liorrentl.lt).11.</strong></span> <span class='ocrx_word' id='word_1_449' title='bbox 1048 4524 1158 4573; x_wconf 84' lang='lat' dir='ltr'><strong>horrens</strong></span> <span class='ocrx_word' id='word_1_450' title='bbox 1177 4527 1264 4575; x_wconf 82' lang='lat' dir='ltr'><strong>reteri.</strong></span> <span class='ocrx_word' id='word_1_451' title='bbox 1304 4523 1327 4554; x_wconf 74' lang='lat'><strong>³⁵</strong></span> <span class='ocrx_word' id='word_1_452' title='bbox 1344 4525 1390 4575; x_wconf 86' lang='lat' dir='ltr'><strong>bis</strong></span> <span class='ocrx_word' id='word_1_453' title='bbox 1404 4531 1477 4578; x_wconf 78' lang='grc' dir='ltr'><strong>ΜΟ.</strong></span> 
     </span>
     <span class='ocr_line' id='line_1_48' title="bbox 184 4609 1477 4676; baseline -0.004 -9"><span class='ocrx_word' id='word_1_454' title='bbox 184 4617 312 4667; x_wconf 83' lang='lat' dir='ltr'><strong>fiduciam</strong></span> <span class='ocrx_word' id='word_1_455' title='bbox 331 4615 465 4676; x_wconf 82' lang='lat' dir='ltr'><strong>(fidutiam</strong></span> <span class='ocrx_word' id='word_1_456' title='bbox 479 4614 514 4666; x_wconf 77' lang='lat'><strong>5.)</strong></span> <span class='ocrx_word' id='word_1_457' title='bbox 533 4611 555 4662; x_wconf 76' lang='lat' dir='ltr'><strong>dr</strong></span> <span class='ocrx_word' id='word_1_458' title='bbox 574 4613 717 4662; x_wconf 82' lang='lat' dir='ltr'><strong>audaciam</strong></span> <span class='ocrx_word' id='word_1_459' title='bbox 737 4611 933 4660; x_wconf 79' lang='lat'><em>2.3.5.8.11.15.</em></span> <span class='ocrx_word' id='word_1_460' title='bbox 970 4609 1072 4658; x_wconf 83' lang='lat' dir='ltr'><strong>addunt</strong></span> <span class='ocrx_word' id='word_1_461' title='bbox 1085 4611 1235 4660; x_wconf 76' lang='lat' dir='ltr'><strong>2.3.5.8.l.5.</strong></span> <span class='ocrx_word' id='word_1_462' title='bbox 1272 4609 1416 4660; x_wconf 84' lang='lat' dir='ltr'><strong>adducunt</strong></span> <span class='ocrx_word' id='word_1_463' title='bbox 1433 4618 1477 4668; x_wconf 84' lang='lat'><strong>11,</strong></span> 
     </span>
     <span class='ocr_line' id='line_1_49' title="bbox 181 4693 1402 4754; baseline -0.006 -3"><span class='ocrx_word' id='word_1_464' title='bbox 181 4701 244 4750; x_wconf 91' lang='lat' dir='ltr'><strong>boui</strong></span> <span class='ocrx_word' id='word_1_465' title='bbox 265 4705 318 4754; x_wconf 79' lang='lat'><strong>2.3.</strong></span> <span class='ocrx_word' id='word_1_466' title='bbox 340 4702 390 4752; x_wconf 82' lang='grc'><em>5.8.</em></span> <span class='ocrx_word' id='word_1_467' title='bbox 442 4699 464 4730; x_wconf 78' lang='lat'><strong>³⁷</strong></span> <span class='ocrx_word' id='word_1_468' title='bbox 483 4701 597 4749; x_wconf 86' lang='lat' dir='ltr'><strong>eternis.</strong></span> <span class='ocrx_word' id='word_1_469' title='bbox 617 4699 742 4748; x_wconf 78' lang='lat' dir='ltr'><strong>2.s.8.11.</strong></span> <span class='ocrx_word' id='word_1_470' title='bbox 795 4693 817 4724; x_wconf 77' lang='lat'><strong>³⁸</strong></span> <span class='ocrx_word' id='word_1_471' title='bbox 836 4695 1172 4746; x_wconf 78' lang='lat' dir='ltr'><strong>minuent2..l.5.8.ll.15.</strong></span> <span class='ocrx_word' id='word_1_472' title='bbox 1217 4695 1402 4749; x_wconf 84' lang='lat' dir='ltr'><strong>minuntcett.</strong></span> 
     </span>
    </p>
   </div>
   <div class='ocr_carea' id='block_1_4' title="bbox 0 0 1696 5370">
    <p class='ocr_par' dir='ltr' id='par_1_4' title="bbox 0 0 1696 5370">
     <span class='ocr_line' id='line_1_50' title="bbox 0 0 1696 5370; baseline 0 0"><span class='ocrx_word' id='word_1_473' title='bbox 0 0 1696 5370; x_wconf 95' lang='lat' dir='ltr'><strong> </strong></span> 
     </span>
    </p>
   </div>
  </div>
 </body>
</html>
