3382 5370
483 352 535 403 111.
604 368 740 403 ursarius
761 368 783 403 s.
802 367 883 402 arna.
920 368 1068 404 nracoovs.
1089 351 1174 418 (tals.)
1424 338 1471 408 65

187 523 287 600 parieti
310 523 485 590 incrustata,
509 523 582 582 intra
607 541 693 601 qrrem
717 524 835 583 ruinosa
859 522 947 584 multa
970 524 1041 592 siut,
1071 530 1121 584 ant
1143 522 1299 601 sepulchro
1322 523 1474 602 splendide

187 623 257 684 loris
279 631 429 692 extructo,
453 632 481 685 et
503 626 604 684 statuis
627 644 660 684 ae
690 624 863 700 imaginibus
892 626 1008 703 egregie
1036 625 1192 694 adornata,
1221 626 1298 703 quod
1327 625 1474 686 ‹lelormes

187 726 262 785 intus
284 724 440 794 calvarias,
464 726 540 787 unda
563 746 628 788 ossa
652 734 680 786 et
702 726 857 786 obscenos
879 727 997 786 lictores
1020 729 1174 788 contineat.
1213 729 1369 806 quinetiam
1392 725 1474 787 multi

187 826 290 887 borum
314 835 346 886 nt
368 828 411 887 sic
433 831 606 898 vestiantur,
630 829 779 894 fraudant,
805 830 921 907 rapiunt
944 848 977 888 ac
1001 829 1150 890 iurantur:
1174 847 1241 888 nam
1264 828 1417 889 habendus
1432 835 1476 889 est

159 929 216 989 aiu
243 928 307 989 aula
338 931 457 991 vestitus
486 949 545 990 nou
575 950 661 1009 quem
692 939 723 991 tu
752 949 857 1008 parare
884 937 982 1008 potes,
1015 931 1066 991 sed
1090 931 1139 1010 qui
1163 949 1196 991 cx
1221 932 1360 1010 principis
1382 931 1474 1008 digni·

185 1037 243 1090 tate
265 1039 318 1091 est.

247 1154 375 1195 essars.
413 1133 455 1194 lbi
478 1141 507 1194 te
529 1133 605 1194 illius
628 1135 793 1194 meminisse
821 1137 950 1214 oportuit
978 1135 1055 1214 quod
1079 1134 1178 1194 (truso
1207 1134 1353 1195 obiectum
1382 1135 1543 1195 aso-tur.

185 1232 251 1296 lone
274 1243 333 1296 est:
357 1254 425 1296 nam
448 1235 495 1297 ille
518 1255 584 1296 eum
609 1236 738 1296 adbibita
761 1235 868 1296 Solone
891 1255 979 1297 aurea
1002 1255 1034 1297 se
1056 1236 1166 1315 sponda
1191 1235 1317 1297 molliter
1338 1255 1372 1296 ac
1395 1238 1474 1315 regie

185 1337 358 1397 adornatum
381 1338 471 1398 nitide
494 1340 719 1416 composuisset,
743 1338 828 1399 acab
845 1337 893 1398 illo
910 1346 1149 1416 percontaretur,
1173 1357 1242 1399 nuru
1259 1330 1327 1418 quid
1345 1357 1473 1418 unquam

155 1438 351 1517 ttspeciosius
373 1440 507 1500 vidisset?
530 1441 680 1519 respondit
703 1440 791 1502 Solon
816 1440 917 1517 ‘gallos
939 1440 1129 1518 gallinaceos,
1153 1459 1280 1519 paeones
1295 1447 1324 1500 et
1340 1440 1366 1500 id
1383 1457 1476 1517 genus

186 1539 336 1601 animalia:
360 1543 388 1601 in
412 1541 457 1602 bis
479 1543 555 1602 enim
579 1543 781 1603 admirandum
804 1552 938 1603 naturam
966 1543 1165 1621 spectaculum
1195 1541 1367 1603 exbilmisse'
1398 1544 1476 1620 regis

186 1642 373 1704 stoliditatem
397 1661 525 1721 arguens
547 1662 580 1703 ac
604 1645 765 1707 istiusmodi
788 1645 922 1706 lucorum
946 1652 1145 1725 eorrtemptum
1168 1646 1300 1705 innuens.

249 1765 414 1807 susumus.
451 1746 488 1806 Et
510 1747 598 1806 multa
623 1755 780 1825 praterea,
805 1767 869 1826 ona
892 1748 915 1806 si
939 1748 1007 1807 mibi
1032 1748 1059 1806 in
1083 1754 1211 1808 mentem
1234 1745 1394 1814 venissent,
1417 1751 1544 1805 nonatt-

186 1846 232 1907 bls
254 1849 464 1932 concessissem
486 1847 652 1908 buiusmodi
675 1848 879 1910 obiicientibus
901 1847 1054 1910 illecebras
1076 1848 1251 1928 Sprenibus,
1274 1848 1361 1926 quisi
1378 1848 1475 1908 itidem

158 1966 276 2028 isquam
300 1947 463 2027 periculose
486 1957 647 2010 tractentur
678 1970 782 2030 regum
811 1971 846 2011 ac
874 1953 1038 2030 principum
1067 1951 1199 2011 amicitia
1228 1948 1476 2029 conspderassem,

187 2069 247 2110 non
268 2045 340 2110 tanti
363 2051 498 2111 iecissem
521 2052 588 2112 bule
611 2052 752 2112 interesse
775 2071 905 2132 poinpae,
929 2055 957 2113 in
974 2072 1030 2132 qira
1047 2051 1128 2112 multi
1145 2053 1360 2129 opprimuntur.
1384 2052 1477 2124 Quam

188 2151 324 2213 frivolum
348 2159 392 2212 est
413 2154 489 2213 enim
513 2161 583 2214 tnnc
606 2172 636 2213 se
659 2162 763 2233 protare
787 2155 908 2215 cbarnm
931 2155 976 2215 bis
999 2155 1142 2223 domnis,
1166 2172 1232 2213 cum
1249 2152 1367 2213 dextras
1382 2155 1477 2231 porri·

187 2262 260 2333 gunt
274 2261 325 2315 ant
340 2253 513 2315 osculandas
536 2257 620 2316 etiam
644 2256 793 2334 prebent,
816 2264 866 2317 aut
888 2257 939 2317 ubi
961 2254 1141 2317 familiariter
1165 2253 1386 2333 colloquuntur,
1411 2274 1477 2315 enm

188 2375 246 2416 non
269 2358 390 2418 allectus
412 2355 553 2426 similla,
577 2358 628 2418 sed
651 2360 851 2418 ostentationis
874 2358 1062 2437 plerumque,
1086 2376 1150 2437 quae
1173 2376 1226 2436 per
1249 2359 1344 2417 omnia
1361 2359 1389 2416 in
1405 2356 1478 2417 aulis

155 2466 302 2538 oregnat.
340 2459 574 2538 porroiusidiosi
591 2460 794 2538 utplurimum
811 2468 878 2520 srmt
899 2461 1065 2539 principum
1087 2460 1206 2529 allatus,
1230 2478 1304 2539 quos
1326 2459 1365 2519 illi
1389 2459 1426 2519 ob
1448 2459 1477 2519 id
1488 2478 1545 2529 §.os

188 2560 294 2622 blande
317 2561 486 2626 conserunt.
510 2568 543 2621 nt
564 2579 684 2622 sumum
706 2565 817 2622 animos
834 2562 986 2641 explorent
1001 2570 1030 2623 et
1045 2562 1164 2623 allectos
1179 2563 1233 2623 bac
1249 2561 1426 2640 benignitate
1442 2560 1476 2621 ad

188 2664 397 2725 effundendum
413 2663 520 2741 aliquid
538 2670 648 2724 temere
664 2664 817 2725 inducant:
833 2664 957 2742 plurima
974 2666 1049 2726 enim
1066 2671 1182 2742 oportet
1196 2663 1334 2725 simulare
1350 2682 1383 2724 ae
1395 2663 1497 2723 dissi.

188 2765 301 2826 molare
323 2784 422 2844 reges:
447 2767 524 2827 unde
547 2785 605 2826 mm
628 2769 762 2846 imperite
784 2767 897 2828 solebat
918 2768 1016 2827 dicere
1036 2768 1200 2828 Gernranus
1221 2767 1381 2843 imperator
1397 2766 1478 2844 Segi·

189 2868 330 2937 arundus,
353 2868 403 2946 qui
425 2871 535 2928 nesciat
557 2868 707 2937 subalare,
741 2889 807 2930 enm
830 2872 945 2930 nescire
976 2887 1089 2947 regere.
1134 2868 1284 2946 l'lerisque
1313 2885 1382 2927 vero
1409 2875 1480 2927 tuuc

155 2969 320 3030 realiabiles
341 2977 423 3039 sunt,
447 2989 513 3031 cnm
536 2970 706 3033 solvendum
729 2971 865 3032 salarium
890 2980 949 3040 est,
984 2990 1018 3031 ac
1046 2971 1155 3031 ideirco
1186 2969 1292 3030 blande
1315 2969 1478 3038 cecderunt,
1514 2960 1516 2963 ’

188 3089 226 3131 ne
248 3072 303 3132 sibi
327 3071 365 3132 illi
388 3076 541 3151 pecuniam
564 3074 690 3151 petendo
713 3073 827 3134 molesti
850 3075 921 3133 sint:
951 3075 1076 3134 maxima
1105 3074 1182 3133 enim
1213 3080 1241 3131 et
1264 3072 1303 3133 ibi
1325 3071 1480 3133 dillicnltas

189 3182 248 3242 est,
271 3182 427 3253 postquam
451 3175 618 3235 diuturnam
641 3195 676 3235 ac
698 3175 802 3235 duram
825 3177 993 3237 servitutem
1017 3175 1167 3244 servieris,
1190 3181 1223 3234 ut
1237 3175 1413 3252 stipendium
1431 3193 1478 3233 ex-

189 3284 342 3355 torqueas:
367 3277 444 3355 quod
467 3279 526 3338 sire
548 3295 607 3337 mm
630 3278 720 3355 petis,
745 3295 804 3337 non
826 3275 965 3347 solvitur,
988 3278 1048 3338 sire
1070 3275 1192 3336 multum
1216 3296 1250 3336 ac
1272 3293 1364 3354 saepe,
1388 3276 1478 3335 olien-

190 3377 242 3437 dis.
281 3378 344 3438 lloc
373 3385 470 3439 autem
506 3387 640 3457 tenrpore
673 3396 775 3439 omues
808 3380 869 3439 lere
900 3398 954 3457 per
982 3379 1168 3439 Germaniam
1202 3378 1349 3457 principes
1382 3383 1547 3453 egentggg

156 3488 312 3558 acpropter
333 3477 434 3540 luxum
459 3488 488 3540 et
510 3481 664 3541 rarritatem
681 3481 788 3559 quibus
804 3482 892 3541 dediti
909 3480 1032 3559 plurima
1049 3479 1188 3540 inutiliter
1203 3480 1374 3539 absumunt:
1399 3477 1480 3538 vides

190 3584 268 3643 enim
290 3590 324 3643 ut
346 3581 436 3642 inulta
458 3584 583 3651 scurris,
606 3582 789 3650 ludionibus,
813 3585 922 3651 mimis,
947 3584 1080 3661 parasitis
1102 3601 1136 3642 ae
1159 3582 1277 3642 musicis
1300 3579 1480 3655 largiantur?

190 3684 270 3744 rides
291 3693 324 3745 nt
346 3686 376 3744 in
399 3683 472 3745 aulis
494 3692 582 3745 rioetu
605 3684 713 3764 diuque
738 3684 854 3745 bibatur
877 3693 905 3745 et
928 3685 1047 3751 edatur,
1075 3692 1108 3744 nt
1136 3685 1300 3762 pavimenta
1331 3684 1396 3741 rino
1419 3701 1480 3741 ma·

191 3785 292 3856 deant,
316 3793 349 3845 ut
370 3784 436 3863 plus
458 3785 531 3846 ebrii
547 3787 591 3845 isti
607 3787 786 3864 profundant
801 3805 888 3865 quam
904 3787 1096 3864 ingurgitent,
1119 3783 1184 3863 plus
1199 3785 1379 3860 ingurgitent
1393 3802 1480 3861 quam

192 3887 269 3948 lerre
297 3891 428 3967 possim?
460 3895 521 3948 tum
549 3889 584 3948 ad
617 3888 831 3949 annotationem
860 3907 953 3967 usque
982 3888 1088 3947 dautur
1122 3894 1224 3946 restes.
1269 3892 1356 3962 atque
1384 3886 1408 3943 is
1437 3892 1550 3955 estana.

192 4060 247 4065 ...-.-
256 4057 393 4064 ..-u-.-

258 4175 365 4227 ¹ac...
386 4179 491 4227 etedd.
523 4183 638 4227 etmae
658 4178 693 4226 ΙΙ.
763 4173 917 4242 ⁷Croesus]
943 4175 1034 4227 Solon.
1057 4180 1176 4239 nimpi.
1212 4173 1305 4223 Croeso
1328 4190 1402 4222 aeria.
1421 4174 1481 4222 edd.
1569 4247 1572 4253 1
1612 4234 1626 4253 ⁸:

192 4263 325 4312 Facetum
337 4262 446 4312 Solonis
459 4261 682 4327 dictumeDiog.
696 4263 790 4311 Laert.
805 4261 825 4311 l.
839 4259 879 4310 50.
895 4267 1029 4326 sumptum
1043 4268 1093 4310 est.
1135 4259 1290 4309 *adbites
1338 4255 1381 4323 ne]
1396 4263 1424 4307 et
1438 4261 1480 4308 13.

193 4347 428 4413 ’percontabatur
445 4351 470 4396 5.
535 4347 655 4411 nunquid
676 4349 745 4399 1...r.
765 4353 789 4395 et
809 4353 965 4396 recentiores
982 4347 1041 4395 edd.
1111 4344 1132 4376 ¹⁰
1149 4345 1291 4409 speciosus
1310 4349 1334 4393 5.
1354 4360 1422 4393 corr.
1442 4345 1479 4393 H.
1566 4340 1569 4345 “

194 4430 214 4463 ¹⁶
232 4432 336 4484 consid.
354 4438 462 4481 recenti.
476 4434 535 4481 edd.
589 4430 610 4463 ¹⁹
628 4431 796 4481 Ostentatio.
816 4437 933 4494 morpd.
986 4430 1032 4492 ²⁰,
1054 4447 1086 4480 ne
1105 4432 1163 4479 edd.
1217 4430 1376 4480 ‚PorroIL
1397 4430 1424 4477 in
1444 4428 1479 4493 pl.

194 4517 248 4566 siat
265 4519 324 4567 edd.
345 4518 373 4566 in
391 4518 440 4566 del.
460 4523 484 4565 et
503 4520 566 4565 sunt
583 4533 651 4565 eurr.
664 4517 699 4565 H.
735 4514 787 4548 ²⁹³¹
806 4516 995 4582 sigismundus
1017 4519 1108 4566 1213.
1144 4513 1333 4575 ²⁸.Qnodll.
1369 4510 1481 4562 ”Prin-

195 4603 269 4668 cipes
292 4602 451 4667 germnnioe.
486 4617 565 4665 marg.
584 4605 609 4650 5.
678 4598 701 4631 ⁸⁴
724 4608 837 4666 possunt
861 4603 919 4650 edd.
950 4600 1038 4663 (etium
1064 4602 1109 4662 13)
1133 4617 1201 4649 corr.
1221 4600 1256 4648 ΙΙ.
1337 4597 1480 4647 emulatio·

194 4702 253 4736 neni
274 4690 297 4736 1.
316 4694 366 4735 etr.

254 4773 385 4823 Heriem
400 4771 468 4820 Ore„
483 4787 546 4821 ron.
561 4771 626 4821 Illl.
1284 4768 1303 4826 5
