3382 5370
458 351 684 419 [rincunmamm]
721 369 817 404 acervo
836 368 1007 406 onuouarve.
1045 354 1129 418 (tato.)
1363 339 1434 407 535

220 528 380 585 Auditor.
417 528 468 584 Sed
496 528 523 584 ni
552 527 644 591 fallor,
673 537 700 584 et
728 546 774 585 ros
802 546 924 604 elonque.
953 530 998 603 qni
1022 528 1083 585 illos
1105 546 1160 585 uon
1183 527 1287 603 legitis,
1316 528 1434 603 perbelle
1446 536 1504 585 §.on

158 613 279 685 loliginis
302 631 410 670 succum
433 613 589 687 inspargere
612 613 734 670 noscitis.

220 699 350 754 Ennius.
387 699 468 772 Atqui
491 699 566 753 ilecet
590 698 757 771 Theologurn
781 699 869 756 verlris
892 700 1033 774 probrosis
1055 699 1197 774 digladiari
1221 708 1248 755 et
1271 699 1434 774 pertinacio-

157 783 231 840 rilms
252 782 448 840 contumeliose
470 782 638 839 maledicere.

137 880 151 921 a
225 869 380 924 Auditor.
416 867 497 924 lleete
520 869 617 940 igitur.
646 868 668 923 si
692 869 807 925 comitia
831 868 998 941 'llreologum
1020 870 1136 933 laeinnt,
1163 887 1223 927 omn
1246 869 1387 926 lenonibus
1410 879 1437 925 et

156 953 254 1010 scortis
277 953 423 1027 l'lrenlogis
446 954 579 1009 eorrvenit.

219 1038 346 1094 Eeeins.
384 1036 452 1106 oon
474 1038 584 1102 mirum.
608 1040 630 1095 si
654 1039 850 1101 maledicimus,
873 1057 934 1097 curu
957 1039 1077 1113 quotidie
1099 1038 1167 1095 male
1190 1039 1282 1095 andire
1297 1039 1504 1111 eogimurttaa.

220 1123 376 1178 Auditor.
415 1123 440 1179 ld
463 1124 539 1179 rolris
563 1123 644 1197 ipsis.
677 1124 723 1198 qui
753 1132 852 1180 tantam
875 1123 1004 1198 nequitiae
1034 1125 1177 1180 fenestram
1206 1124 1364 1198 aperuistis.
1394 1142 1437 1179 ac·

155 1218 262 1283 ceptum
286 1208 392 1265 iteratis:
416 1209 487 1265 nosti
511 1208 580 1264 enim
603 1208 774 1282 proverbium
797 1206 862 1264 illud
886 1207 983 1282 ‘qualia
1005 1209 1092 1271 dices,
1117 1208 1178 1264 talia
1201 1215 1228 1263 et
1250 1209 1360 1264 audies.'

124 1305 148 1343 ta
220 1292 351 1349 Eeeius.
389 1294 469 1367 atqui
501 1292 666 1349 tolerandam
696 1302 768 1349 esset
796 1294 818 1348 si
853 1302 955 1349 tantum
988 1292 1066 1349 nobis
1099 1292 1332 1356 remaledicerem,
1367 1311 1437 1349 rrrrne

156 1396 218 1434 rero
241 1396 319 1434 nemo
341 1396 395 1434 non
417 1387 510 1434 eontra
540 1395 588 1433 nos
617 1377 736 1434 seribere
764 1378 857 1441 audet.
886 1379 966 1453 idrpre
994 1388 1095 1453 praeter
1115 1379 1303 1435 lateranensis
1325 1377 1435 1434 Corrcilii

155 1464 306 1525 decretum.
330 1481 384 1536 (μου
406 1462 508 1518 diserte
529 1470 650 1523 caretur.
675 1481 708 1518 ne
731 1463 791 1537 quis
815 1465 877 1538 (prid
901 1464 927 1520 in
950 1463 1086 1538 publicum
1109 1463 1233 1520 emittere
1255 1463 1360 1525 audeat,
1385 1464 1436 1519 nisi

157 1548 181 1603 id
204 1549 280 1623 prius
302 1566 315 1603 a
339 1547 417 1604 nuliis
440 1548 588 1621 inspectum
611 1556 638 1603 et
660 1548 837 1621 approbatum
862 1549 951 1604 lrrerit.

220 1634 377 1689 auditor.
413 1632 552 1694 deliratis,
575 1632 597 1687 si
622 1630 661 1687 rel
684 1633 955 1689 excommunicatione
979 1641 1065 1689 vestra
1089 1650 1144 1690 rem
1167 1651 1199 1689 eo
1222 1633 1353 1689 deducere
1375 1652 1436 1708 spe-

125 1719 237 1780 raratis;
260 1718 292 1774 de
316 1717 393 1772 lnrrnis
415 1717 485 1772 enim
507 1715 594 1772 literis
616 1726 704 1773 actum
727 1719 808 1774 soret.

219 1802 351 1859 Eccius.
388 1802 455 1869 Quid
478 1801 556 1857 uoltis
578 1802 610 1856 de
633 1801 732 1864 literis.
755 1802 900 1859 ‹lunnnodo
923 1802 978 1858 roti
1000 1811 1140 1876 compotes
1162 1802 1312 1859 eradamus.
1444 1812 1503 1861 §.rin

219 1887 375 1943 Auditor.
412 1887 451 1941 nd
475 1884 603 1942 Calendas
627 1887 739 1942 forsitan
763 1888 876 1943 Graecas.

219 1971 346 2028 Eceins.
385 1971 465 2044 dtipri
488 1971 563 2031 amli,
593 1972 657 2043 rprid
679 1971 889 2028 lovaniensibus
911 1990 997 2046 nnper
1024 1972 1119 2029 accidit
1142 1971 1300 2045 'llrenlogim
1329 1973 1436 2045 rpridam

157 2058 227 2113 enirn
250 2066 342 2131 poeta.
367 2056 406 2111 rir
429 2055 523 2117 Belial.
548 2054 667 2111 libellum
691 2057 741 2111 snlr
763 2057 944 2113 Nastadieusis
966 2058 1128 2131 conscripsit
1150 2057 1293 2117 roralrulo.
1317 2058 1436 2131 qiramris

122 2154 211 2197 annom
233 2142 321 2197 desint
344 2141 389 2215 qui
413 2140 488 2196 illum
510 2141 622 2196 alterius
645 2141 766 2198 sobolem
788 2160 848 2198 esse
879 2150 1032 2204 autument,
1062 2141 1186 2216 quintium
1209 2142 1386 2198 lovanienses
1410 2142 1436 2197 iu

156 2246 215 2283 omn
238 2227 489 2295 συοσυκοφονῐεῖν
512 2243 566 2281 non
588 2225 722 2284 desinunt.
766 2227 790 2282 ls
814 2226 910 2300 igitur,
940 2236 1121 2302 praetermeant
1152 2227 1223 2300 quod
1247 2227 1273 2282 in
1298 2227 1436 2283 universos

156 2310 300 2383 theologos
323 2310 437 2366 ledorias
460 2318 582 2385 spargat.
610 2311 660 2366 sul·
688 2297 760 2383 diripe
789 2313 897 2368 nomino
920 2315 1057 2375 diensem,
1088 2312 1138 2368 sula
1160 2312 1273 2367 l‘lrrnaci
1303 2312 1434 2384 quendam

156 2398 201 2470 «pri
233 2397 346 2470 resipuit
376 2396 401 2452 iu
430 2404 566 2469 tempore,
596 2395 646 2451 snlr
674 2397 795 2453 llomidis
817 2397 998 2461 tlarrnelitam,
1029 2397 1079 2453 snb
1102 2397 1240 2453 Vertumni
1262 2394 1436 2452 Nicolauma

155 2481 302 2543 llontilms‚
327 2479 376 2535 suli
399 2480 556 2536 l‘lrtlmnidis
578 2481 660 2538 Lenm
682 2482 810 2555 dnglum.
834 2483 884 2537 suli
907 2481 983 2537 ilrilli
1007 2483 1145 2537 latornum
1169 2490 1248 2537 tarnat.

122 2579 147 2618 aa
220 2567 376 2622 Auditor.
414 2564 445 2621 Et
473 2565 524 2621 lmc
552 2573 594 2622 est
624 2568 695 2639 (prod
726 2566 857 2629 dicelmrm
894 2585 939 2623 ros
967 2567 1070 2623 artibus
1099 2567 1195 2622 restris
1229 2567 1334 2640 perire,
1369 2566 1502 2639 iporiam.

157 2653 206 2709 nisi
231 2652 322 2726 potins
345 2651 464 2706 irorritate
487 2669 566 2724 quarn
589 2651 689 2707 malitia
711 2652 867 2726 superiores
890 2652 1000 2707 eradere
1024 2651 1166 2726 epimelis,
1190 2651 1345 2726 propediem
1362 2660 1434 2706 atro·

154 2739 228 2795 eiora
251 2736 382 2793 ridebitis.
913 2744 918 2753 “

217 2822 351 2880 Ereius.
388 2821 457 2887 Quin
480 2838 548 2876 rruuc
571 2820 703 2883 ridemus,
733 2838 787 2877 uon
816 2821 904 2878 solnm
927 2822 998 2877 enim
1021 2821 1135 2884 literati.
1165 2822 1211 2878 sed
1234 2830 1261 2877 et
1284 2821 1384 2877 indocti
1406 2839 1436 2877 ac

156 2908 214 2964 laici
238 2907 346 2982 seriptis
374 2906 430 2961 sais
452 2922 503 2960 uos
526 2905 683 2978 impugnare
711 2906 817 2963 arrdent.
862 2924 949 2981 nuper
971 2907 1041 2963 euim
1064 2906 1171 2962 libellus
1201 2906 1306 2980 qnidam
1329 2905 1434 2961 llartini

121 2993 249 3049 ³⁰landes
271 2991 425 3047 Gerrnanica
450 2990 574 3045 intonans
596 2989 688 3064 lingua
710 2991 884 3065 ll'urinlrergae
907 2991 1047 3065 evulgatus
1070 3001 1127 3053 est.
1151 3009 1230 3066 quem
1245 3010 1304 3047 enm
1321 3010 1372 3065 ego
1388 3009 1436 3066 pu·

221 3173 232 3205 ³
251 3177 315 3224 llor.
330 3178 383 3223 sat.
397 3175 500 3235 Linon.
547 3173 558 3205 ³
576 3175 657 3225 decet
669 3171 775 3238 Theoi]
794 3175 898 3224 Eekins
916 3190 965 3235 „se
984 3189 1089 3239 qnoque
1103 3177 1175 3225 seire
1187 3174 1368 3224 nmledieere”
1388 3188 1435 3239 pu·

155 3259 227 3308 ldiee
247 3259 380 3325 gloriatus
399 3265 449 3309 ool.
462 3260 567 3309 ,ldelnn
582 3260 616 3309 od
629 3259 740 3308 l'irclila.
754 3276 797 3323 op.
811 3259 965 3307 llernnonn.
979 3258 1039 3308 doe.
1054 3259 1095 3308 lit.
1109 3276 1135 3324 p.
1154 3258 1206 3309 182.
1250 3260 1261 3289 ‘³
1281 3260 1388 3308 llomer.
1404 3257 1434 3307 ll.

156 3345 213 3393 XX.
228 3344 285 3392 rata.
302 3335 440 3394 Ὀπποῐον
458 3342 585 3410 εἴπῃσθα
604 3338 685 3407 ἔπος,
710 3335 789 3393 τοῖόν
813 3332 837 3392 κ’
855 3333 1036 3400 ἐπακούσαις.
1066 3343 1229 3392 Cillmnmi
1249 3344 1335 3406 Adae.
1361 3343 1434 3405 „eri

156 3444 216 3493 quan
240 3427 297 3479 vult
320 3429 401 3490 dicit,
426 3445 485 3494 qum
509 3446 562 3479 non
586 3429 644 3477 vult
669 3429 782 3478 audiat)
852 3425 869 3459 ¹¹
897 3427 960 3476 Lot.
975 3425 1063 3492 eone]
1087 3428 1141 3478 sed
1159 3430 1216 3478 Leo
1235 3429 1267 3477 X.
1287 3430 1314 3477 in
1339 3427 1434 3476 eudem

156 3513 232 3563 bullo
250 3514 345 3563 dxiv.
360 3513 421 3563 Kal.
436 3514 495 3564 lan.
510 3530 534 3562 a.
552 3512 623 3562 lant.
637 3514 703 3563 doto
722 3510 872 3575 (Hordeiu.
887 3511 992 3562 Concil.
1006 3513 1054 3561 lX.
1071 3510 1142 3560 1806.
1157 3514 1230 3576 sqq.)
1255 3513 1284 3561 in
1307 3528 1359 3576 qno
1382 3513 1435 3577 pri·

157 3598 260 3661 vilugio
272 3599 343 3647 llari
356 3615 454 3663 rnogno
473 3598 613 3649 ordinibus
632 3612 764 3646 concesso
783 3596 962 3659 confirmarit,
981 3613 1077 3647 severe
1097 3597 1181 3646 etiam
1194 3601 1290 3646 contro
1303 3597 1435 3661 [irradien-

156 3687 242 3732 torum
268 3681 465 3746 loquacitatem
489 3686 682 3749 importunam,
703 3682 933 3741 eurarieiotiouee,
958 3682 1075 3731 oonlietn
1099 3680 1233 3731 miracula
1256 3687 1284 3730 et
1307 3697 1378 3732 novo
1402 3697 1435 3729 ne

158 3766 230 3815 falsa
249 3766 383 3816 vaticinia
407 3768 517 3833 elinque
540 3767 614 3817 levia
633 3773 661 3815 ot
679 3767 713 3815 nl)
733 3765 852 3815 miililrns
872 3765 974 3815 fabulis
991 3781 1084 3831 parum
1103 3766 1237 3816 distantia
1254 3780 1436 3831 magnumque

156 3850 316 3901 seamlnlnm
329 3852 467 3916 parientia
481 3851 607 3916 loquitur.
644 3850 663 3882 ¹⁷
681 3851 720 3899 Ad
735 3849 787 3903 eol.
801 3848 858 3915 Gn]
872 3865 1025 3915 unruqnnm.
1040 3852 1075 3900 ef.
1090 3854 1166 3901 niret.
1179 3851 1242 3901 Oet.
1254 3851 1296 3900 87.
1333 3850 1352 3881 ¹⁹
1365 3847 1434 3915 net]

156 3935 243 3985 exlex.
291 3933 415 3999 Nestori]
435 3937 471 3985 ef.
486 3936 539 3985 vol.
553 3937 574 3986 l.
589 3951 660 3986 num.
673 3950 805 3984 nxxvrnr.
819 3952 844 4000 p.
856 3934 957 3999 lil.sq.
1004 3933 1026 3967 ²⁰
1045 3934 1168 4000 alterins}
1183 3937 1200 3986 i.
1215 3954 1239 3985 e.
1252 3936 1360 3985 Ernsmi
1372 3936 1434 3985 ltot.

156 4020 364 4084 §ounnrnirsm
399 4016 419 4051 ²¹
435 4033 529 4069 ouoon.
544 4026 568 4070 2.
578 4025 603 4070 3.
618 4018 842 4071 eoncolurnniori.
883 4017 905 4051 ²²
917 4020 1049 4070 redarios
1062 4023 1120 4070 edd.
1135 4018 1280 4084 λοιδορίας
1293 4016 1435 4086 (λοιδορή-

155 4105 244 4170 poto)
264 4105 400 4154 eonrieia.
446 4093 524 4170 ἄτης]
544 4105 603 4154 dem
616 4105 720 4155 Noxire.
739 4105 850 4155 llomer.
902 4103 1041 4170 diensem]
1060 4107 1199 4167 loannem,
1219 4106 1369 4155 atendemire
1383 4107 1434 4155 Lo·

156 4192 297 4241 varriensis
317 4188 520 4250 cancellarium,
541 4191 648 4239 Hromni
668 4191 864 4241 adversariam.
922 4188 1053 4256 Pheuoei]
1073 4184 1173 4255 φέναξ,
1193 4192 1277 4253 frons,
1297 4191 1433 4255 deceptio.

156 4275 177 4308 ²³
196 4272 332 4340 llomidis]
352 4290 369 4324 o
388 4274 484 4324 Graeco
503 4273 612 4340 μῶμος,
636 4275 767 4337 dedecus,
788 4276 967 4340 ritrrpcrotio,
992 4275 1177 4340 reprehensio.
1248 4272 1434 4341 (Forrnelilornl

155 4361 300 4411 Nicolaum
319 4359 532 4409 Bernondonum.
569 4359 720 4427 l'ertmnni]
741 4363 768 4410 in
787 4359 924 4426 ‹prroslilret
943 4360 1044 4409 forman
1062 4376 1122 4409 sese
1136 4363 1269 4411 vertentis
1281 4360 1336 4410 dei.
1372 4361 1434 4410 Nie.

157 4464 174 4497 u
191 4442 318 4509 Montio}
337 4444 587 4494 Buseidueouoem?
639 4443 661 4475 ²⁴
679 4443 820 4510 l'lrthonis]
840 4436 962 4509 φθόνος,
982 4445 1094 4504 invidio,
1114 4443 1193 4496 livor.
1245 4442 1336 4511 Grilll]
1354 4438 1435 4512 γρύλ-

156 4533 211 4593 λος,
231 4530 375 4596 porcellus.
427 4527 579 4594 Lotommn]
598 4529 690 4579 Iacob.
707 4530 822 4589 ,llorcom
842 4535 871 4576 ul
889 4535 953 4578 ante
971 4530 1104 4579 nominati
1122 4546 1156 4578 ex
1172 4529 1317 4581 litterariis
1329 4532 1436 4582 Erosmi

156 4616 289 4669 hostibus.
342 4613 479 4667 ²⁶rnn1icto
497 4618 555 4665 m.
608 4612 630 4645 ²⁹
649 4611 766 4679 libellus]
792 4612 933 4677 &periples
953 4612 1094 4679 &diripient
1112 4612 1154 4677 iiie
1171 4616 1287 4680 lathem,
1306 4631 1386 4681 qnam
1410 4632 1435 4667 o.

158 4700 231 4754 lolli.
246 4700 348 4751 editam
367 4701 479 4765 repetiit
492 4700 623 4750 ltiederer
635 4700 745 4767 eterni-ap
763 4713 792 4765 pr
812 4702 856 4751 tm
870 4694 925 4759 ater.
938 4697 994 4752 ttrt.
1002 4716 1027 4764 p.
1038 4698 1323 4766 tttr...·2tt8.er.ibi‹t.p.
1331 4700 1438 4767 llzsq.
