3382 5370
269 345 342 416 520
702 374 819 411 vrstoot
839 375 1108 410 PSEVDOllVTTlinCI.

270 534 489 610 elriepiseopum?
518 534 540 589 is
563 534 632 590 enim
655 543 685 590 nt
707 543 749 590 est
771 534 897 608 princeps
919 533 1141 594 liumarrissimus,
1174 533 1222 589 tilii
1244 551 1309 589 snos
1331 551 1385 590 non
1407 533 1557 608 denegabit

272 619 402 681 medicos,
426 628 453 674 et
477 619 498 675 si
521 618 620 675 llitium
644 619 730 693 ipsum
752 618 944 693 expostulatis.

203 709 261 758 eta.
333 703 466 761 Eccius.
504 703 623 760 llitinm‘t
650 722 736 779 apage
757 722 771 759 a
794 721 835 759 me
858 703 1005 766 lionrinem,
1033 702 1169 760 aculeatus
1193 710 1249 765 est,
1278 712 1306 759 et
1333 721 1376 759 me
1403 703 1454 759 suli
1481 704 1556 760 cani·

269 788 337 846 culae
360 796 449 844 ortum
472 789 633 863 quandoque
655 799 792 845 oraturum
816 789 954 862 pranlirit;
984 788 1048 862 quin
1072 797 1101 843 ut
1123 787 1218 843 cnlum
1241 806 1319 844 suum
1340 787 1429 862 aliqua
1452 788 1556 844 aeiura·

271 882 312 930 ret
334 873 435 936 aniius,
459 873 624 948 perlibenter
646 874 759 930 animam
782 874 847 929 milri
868 875 1001 948 eriperet.
1024 883 1054 928 nt
1077 873 1128 929 lroc
1150 873 1195 928 illa
1218 873 1356 929 animaret.
1566 890 1579 929 s

333 959 429 1015 l‘ncr.
467 957 580 1031 Egregie
609 960 732 1033 prolecto
761 976 820 1015 cum
849 959 955 1033 superis
984 967 1124 1031 ageretur,
1158 957 1203 1014 nlri
1237 958 1322 1013 aninra
1356 958 1554 1015 sordidissimis

272 1044 352 1117 digna
375 1043 480 1098 latrinis
502 1061 645 1118 supernam
668 1052 776 1117 regeret
798 1043 953 1100 machinam.

203 1139 262 1189 §.tn
334 1128 452 1185 Amici.
489 1128 569 1185 Proin
592 1146 651 1185 cnm
675 1139 703 1184 tn
720 1129 819 1185 llitium
841 1128 1016 1191 ulrourinaris,
1039 1145 1103 1202 age,
1127 1130 1274 1201 tugnsnrn
1290 1128 1321 1184 ad
1337 1129 1449 1184 amicum
1467 1136 1553 1190 tuurn.

271 1214 428 1290 opulentum
452 1212 525 1268 illum
549 1214 696 1270 scribemus
718 1221 908 1270 mercatorem:
942 1215 963 1268 is
986 1214 1054 1269 enim
1079 1231 1111 1269 ne
1140 1212 1240 1269 delitiae
1270 1231 1325 1268 snae
1355 1221 1480 1288 pereant,
1511 1212 1554 1269 vel

271 1299 348 1355 turba
371 1298 534 1356 medicorum
558 1307 583 1356 te
606 1299 747 1374 opprimet.
1563 1315 1589 1354 ro

334 1384 465 1441 Eccius.
503 1383 574 1439 llona
596 1384 675 1439 verlia
698 1402 801 1459 quaeso.

335 1469 451 1525 iltttiui.
490 1468 556 1523 ‘lilii
579 1469 726 1525 sulivcniet'
748 1469 837 1525 dicere
859 1467 1027 1531 volebamus,
1057 1487 1090 1524 ne
1119 1468 1204 1541 igitur
1225 1468 1303 1524 nolris
1325 1468 1424 1541 linguae
1448 1468 1555 1543 lapsum

272 1556 337 1611 vitio
360 1562 457 1611 vertas.

337 1638 471 1696 liucins.
508 1638 566 1694 Non
590 1647 643 1694 tam
666 1657 790 1695 morosus
812 1657 886 1701 snm.
910 1639 956 1694 sed
979 1657 1119 1713 quemnam
1142 1638 1249 1695 dicitis?
1279 1656 1339 1694 riam
1361 1638 1488 1712 permulti
1512 1638 1555 1694 vel

272 1724 397 1780 ditissimi
420 1743 450 1779 ac
473 1723 523 1779 mei
545 1723 699 1780 amicissimi
723 1723 776 1780 illic
798 1733 882 1796 agunt
904 1733 1076 1780 mercatores.
1567 1746 1591 1783 ts

337 1809 457 1865 illirici.
495 1809 593 1881 llernpe
615 1809 658 1864 cni
682 1817 710 1864 tu
734 1809 796 1864 olim
820 1809 938 1882 linguam
961 1809 1071 1871 locasti,
1095 1817 1121 1864 ct
1144 1826 1210 1865 amo
1226 1808 1345 1871 illectus,
1369 1808 1453 1863 liliere
1469 1810 1554 1864 lirine-

275 1895 328 1949 rari
352 1893 512 1967 permisisti.
536 1894 616 1967 idrpre
639 1893 719 1951 licere
742 1894 854 1950 sacratis
876 1894 1057 1968 comprobasti
1082 1894 1176 1949 literis.

205 1993 264 2041 §.is
337 1978 472 2035 Eccius.
510 1979 561 2033 Sed
588 1987 703 2053 propter
724 1979 873 2035 Canonicos
902 1979 1025 2035 indoctus
1047 1982 1220 2053 Augustanos
1242 1979 1360 2035 rnedicos
1383 1979 1555 2035 reliernenter

277 2064 371 2125 timeo,
395 2081 428 2119 ne
450 2063 478 2119 iu
500 2062 608 2120 illorum
631 2065 744 2137 gratiam
767 2065 939 2138 pharmacum
962 2064 1041 2120 letalc
1064 2083 1114 2138 pro
1137 2064 1246 2120 salutari
1270 2063 1415 2138 praelocato.

339 2330 349 2362 ²
373 2333 496 2382 Heritiuo
520 2332 547 2382 id
572 2338 613 2382 est
631 2333 730 2383 Ilitins.
755 2348 838 2382 omnes
861 2334 886 2381 ia
907 2348 986 2396 marp.
1007 2331 1066 2391 (Cf.
1081 2331 1133 2381 rol.
1147 2333 1169 2381 I.
1183 2350 1208 2397 p.
1222 2333 1280 2381 ⁶222.
1294 2332 1373 2397 sqq.)
1409 2333 1448 2381 Aa
1473 2334 1556 2383 Pauli

274 2417 360 2479 llicii,
384 2417 592 2482 Salzbnrgcnsis
616 2418 738 2483 episcopi
763 2417 895 2466 archiatri
919 2416 1041 2465 libellum
1065 2418 1096 2465 de
1119 2423 1202 2467 enarra
1219 2419 1276 2468 emti
1297 2417 1323 2466 li.
1342 2416 1359 2466 l.
1374 2422 1448 2467 recte
1469 2418 1556 2467 refert

273 2501 450 2563 Riedererus‚
481 2504 526 2567 qui
556 2520 588 2552 ex
615 2503 696 2554 Wolli
727 2501 853 2551 biblioth.
877 2501 1008 2550 Hebrair.
1027 2501 1077 2550 111.
1098 2518 1122 2566 p.
1142 2500 1201 2551 ttlt.
1225 2502 1285 2551 lime
1313 2501 1416 2551 adfert:
1448 2502 1555 2564 „Cete-

273 2601 350 2646 „rum
370 2586 464 2635 llicins
488 2594 581 2639 noster
604 2587 775 2637 aelrcrsarios
798 2585 943 2636 nonnullos
967 2588 1128 2650 provocavit
1150 2587 1245 2637 libello
1268 2603 1317 2636 seu
1341 2587 1500 2652 compendio
1524 2591 1556 2637 de

274 2674 376 2733 „anima
393 2675 461 2732 eceli,
492 2672 652 2722 nominatim
676 2673 732 2723 Iole.
753 2672 856 2721 Eckium
880 2676 908 2720 et
931 2670 1074 2720 Claudium
1093 2673 1286 2737 depensuram,
1318 2673 1415 2737 quinus
1434 2672 1555 2722 insolens

275 2756 391 2817 „merito
409 2757 497 2807 vistim
516 2764 573 2819 est,
598 2758 667 2822 qrrml
692 2759 716 2806 is
740 2757 811 2806 inter
835 2761 928 2806 cetera
951 2756 1033 2804 nimis
1049 2756 1244 2807 'ttabuatisttea
1268 2757 1386 2806 animam
1410 2756 1487 2806 cerlis
1507 2759 1554 2806 tri-

274 2841 430 2902 „bnendam
448 2845 598 2898 censerct'',
618 2848 646 2891 et
663 2842 813 2892 licciarram
832 2841 1036 2906 responsionem
1056 2841 1119 2903 (‘.ld
1137 2840 1217 2892 Pauli
1236 2842 1309 2891 Rieii
1329 2842 1362 2891 de
1380 2843 1471 2892 arrima
1491 2843 1554 2892 coeli

276 2926 402 2975 examina
426 2927 516 2976 antica
539 2927 695 2992 responsio,
720 2926 834 2991 lngolst.
851 2925 923 2975 1510.
947 2926 997 2988 ll.)
1022 2928 1175 2991 oppositam
1199 2942 1258 2976 esse
1282 2927 1399 2976 Rieiano
1421 2927 1554 2991 opusculo

275 3007 387 3069 (‚‚l'onli
405 3010 478 3060 sicit
497 3011 637 3061 naturalia
656 3016 684 3060 et
701 3011 864 3076 prophetica
882 3010 916 3059 de
935 3011 1026 3059 anima
1046 3011 1121 3071 eroli,
1141 3013 1213 3061 omni
1233 3012 1385 3060 attentione
1404 3011 1489 3076 digna
1508 3013 1554 3061 ad·

274 3109 368 3143 versus
387 3094 503 3144 liclrium
523 3097 662 3159 examina,
682 3096 750 3160 Aug.
765 3095 842 3145 Viad.
857 3093 928 3155 tsttt,
948 3096 1011 3156 4⁰3¹)
1031 3095 1183 3145 adnotavit.
1230 3096 1376 3145 8amicam
1395 3094 1424 3160 t]
1444 3098 1553 3160 Frmper.

274 3177 285 3210 ³
303 3179 346 3228 Cf.
354 3178 459 3229 l'allad.
474 3179 508 3230 de
521 3198 541 3231 r.
556 3198 576 3231 r.
591 3181 641 3230 lul.
656 3197 679 3230 e.
690 3180 715 3229 (i.
728 3182 751 3241 ἃ.
764 3178 806 3229 26.
882 3178 902 3211 ¹⁸
919 3181 1020 3229 Eccins
1038 3181 1168 3229 trunonis.
1185 3196 1233 3245 pro
1250 3180 1337 3230 usuris
1354 3182 1555 3246 disputaverat.

274 3265 297 3324 5.
308 3261 487 3329 ltl.lb'equcas
501 3265 663 3316 Adelmanni
677 3265 710 3314 ad
723 3265 919 3316 Pirclrlreimer.
929 3281 970 3330 ep.
979 3265 1147 3327 (Heumanni
1161 3266 1273 3314 llocom.
1288 3265 1391 3315 literar.
1405 3283 1429 3331 p.
1442 3265 1555 3332 tstsq.)

275 3348 397 3412 pluribus
419 3349 499 3400 huius
522 3350 626 3416 dialogi
649 3350 718 3401 locis
739 3349 828 3399 lucem
852 3350 955 3409 aelfert3
986 3386 1003 3410 ‚‚
1019 3349 1143 3411 ...Quod
1163 3349 1316 3400 Cunouieos
1339 3351 1463 3402 indoctos
1482 3369 1555 3401 enrri-

275 3433 401 3495 mendas‚
425 3434 532 3499 placet,
557 3436 609 3484 etsi
628 3433 697 3483 nilril
716 3449 766 3484 sna
784 3435 918 3484 modestia
940 3435 1121 3498 profecerint:
1152 3450 1214 3483 nam
1239 3440 1384 3500 antequam
1408 3437 1436 3486 in
1466 3437 1556 3487 lucem

274 3518 426 3584 prodirent,
446 3535 478 3568 ex
497 3535 544 3568 sno
564 3519 744 3569 convitiorum
763 3520 879 3583 registro
898 3519 1050 3568 maledicus
1068 3519 1120 3568 iste
1140 3516 1252 3585 [Eerins]
1272 3521 1354 3569 telam
1368 3536 1478 3570 exorsus
1492 3523 1555 3583 fnit,

274 3604 302 3652 ia
321 3620 442 3668 quartos
461 3604 619 3670 hypocritas
642 3608 686 3667 (at
704 3605 773 3654 forte
796 3603 901 3666 legisti)
925 3604 1060 3669 appronat,
1086 3605 1150 3669 quia
1175 3619 1234 3653 eum
1260 3605 1465 3655 contemnimus.
1502 3607 1557 3658 Fui

275 3689 361 3753 pridie
381 3705 460 3753 quam
479 3690 562 3739 hasce
583 3689 616 3738 ad
635 3694 662 3738 te
682 3688 788 3750 darem,
814 3705 830 3737 a
848 3690 951 3738 Ioanne
975 3689 1009 3737 de
1028 3689 1260 3755 Schwarzenberg
1284 3690 1318 3739 ad
1341 3691 1482 3755 prnmlinm
1508 3708 1555 3741 vo-

276 3778 369 3833 catus,
394 3790 427 3823 ac
450 3790 492 3824 me
517 3775 604 3825 inscio
627 3765 778 3823 maledicus
801 3773 863 3823 isto.
904 3774 926 3822 t)
953 3775 1057 3823 utinam
1081 3775 1254 3824 interfuisses
1278 3791 1331 3824 non
1356 3776 1482 3825 cerrvirio
1506 3777 1556 3826 sed

275 3859 423 3922 symposio!
441 3858 521 3924 proh,
542 3874 609 3923 elatas
627 3873 714 3920 nugas
733 3858 954 3908 temulentissimi
973 3859 1053 3907 istius
1073 3859 1208 3909 condisses!
1228 3860 1297 3909 dixit
1315 3861 1387 3910 inter
1400 3866 1494 3910 cetera
1507 3877 1554 3910 ne-

275 3944 332 3993 scio
352 3959 431 4007 quem
449 3944 688 4009 Nurnbergensem
706 3942 829 3993 libellum
849 3948 945 3993 eontra
965 3959 1024 3993 eum
1043 3943 1137 4008 lingua
1155 3944 1305 3993 vernacula
1324 3945 1457 4003 edidisse,
1477 3960 1511 3994 ac
1525 3963 1556 3995 se

277 4035 425 4093 antequam
444 4029 539 4078 ebibat
551 4029 609 4078 vini
622 4043 789 4090 nrmrsuram,
808 4026 889 4093 longo
903 4028 1100 4093 elegantiorem
1113 4029 1317 4093 responsionem
1330 4030 1449 4079 seribere
1463 4045 1555 4095 posse,

274 4113 347 4162 sieut
359 4129 388 4162 sc
402 4114 538 4162 facturum
558 4113 688 4172 asseruit3
707 4112 855 4163 Canonieis
872 4128 938 4163 vero
956 4112 1073 4163 indoctis
1091 4114 1125 4163 oli
1138 4114 1266 4163 honorem
1285 4113 1505 4163 ecelesiasticam
1525 4131 1556 4165 se

275 4199 441 4262 pepercisse.
472 4199 544 4260 Quid
562 4196 664 4247 multa?
689 4196 757 4247 adeo
775 4198 839 4247 vino
859 4198 912 4247 fuit
931 4213 1078 4259 accensus,
1103 4203 1132 4247 nt
1154 4200 1182 4247 ni
1202 4199 1300 4248 Comes
1318 4199 1351 4248 de
1369 4199 1556 4249 Helffenstein

275 4298 308 4332 ae
326 4283 399 4332 Baro
417 4283 450 4333 de
469 4279 641 4347 (ier[o]lseelt
660 4289 809 4346 praesentes
828 4283 958 4344 luissent,
983 4284 1077 4333 forsan
1100 4300 1133 4332 ex
1156 4284 1247 4334 verbis
1266 4283 1299 4332 ad
1318 4284 1434 4332 verbera
1452 4284 1556 4333 deven-

274 4371 331 4417 tum
350 4368 462 4429 fuisset,
482 4368 565 4418 sicuti
583 4382 669 4431 nuper
687 4368 758 4432 apud
776 4383 825 4418 nos
843 4384 876 4418 ao
894 4368 1036 4433 Ingolstad
1056 4370 1180 4433 contigit.
1216 4369 1287 4430 Qtrid
1306 4384 1411 4418 caussae
1429 4369 1466 4418 sit
1484 4371 1556 4433 qnod

274 4469 328 4503 non
346 4458 403 4502 tam
421 4451 570 4503 honorifice
588 4451 621 4500 de
641 4457 668 4500 te
687 4451 815 4516 loquatur
833 4468 866 4502 nc
885 4454 1002 4517 scribat,
1022 4455 1129 4520 ignoro,
1150 4453 1373 4518 quemadmodum
1390 4453 1465 4518 prius
1483 4454 1555 4503 sole·

275 4539 336 4599 bat,
357 4540 411 4588 nisi
430 4552 569 4588 comesse
588 4543 666 4602 puto,
693 4538 763 4602 quod
783 4553 842 4587 enm
862 4544 889 4587 te
907 4539 1011 4589 Lnther
1029 4539 1149 4590 nobilem
1167 4539 1403 4604 Nurnbergensem
1423 4537 1555 4603 appellet,

274 4629 305 4674 ut
327 4625 352 4674 ei
376 4624 452 4674 sices
475 4623 622 4688 rependat,
650 4628 678 4672 ta
700 4623 829 4673 Noricum
852 4630 940 4674 vocet
982 4626 1104 4686 Qnaesiri
1128 4625 1162 4674 ab
1188 4641 1219 4675 ee
1244 4640 1292 4674 cur
1309 4641 1358 4674 nos
1377 4624 1500 4674 indoctos
1521 4641 1555 4675 ac

274 4709 413 4776 praecipue
431 4708 590 4775 hypocritas
609 4709 763 4770 vocaverit,
784 4723 864 4773 quum
883 4726 899 4759 a
917 4708 990 4758 nullo
1009 4710 1076 4760 sitio
1095 4710 1136 4771 (ut
1153 4710 1250 4776 vrrlgas
1263 4711 1316 4774 ait)
1334 4709 1394 4774 plns
1406 4710 1491 4758 simus
1504 4710 1556 4760 im-
