3382 5370
352 351 399 426 ΙΧ.
469 390 593 425 uouruou
613 389 762 424 sscvanvs.
833 389 971 425 nracoors
991 389 1174 425 uvacamcvs.
1195 373 1281 439 (rste.)
1385 359 1457 432 353

183 564 217 607 ea
237 546 331 607 modis
353 562 498 624 quamque
521 545 630 605 intinite
665 543 738 603 lianc
766 551 887 621 gravent
913 544 1079 604 nationem?
1106 551 1196 623 utque
1225 545 1305 605 rniris
1332 546 1366 605 ad
1398 564 1461 615 eam

183 665 245 709 rem
268 648 438 727 excogitatis
460 646 559 707 Romae
582 646 694 706 artibus
715 664 773 705 non
797 647 826 706 in
850 647 988 723 pecunias
1010 653 1120 706 tanturm
1143 655 1273 717 nostras,
1296 649 1325 707 in
1348 662 1461 725 posses·

184 750 279 811 siones
301 757 330 810 et
358 749 549 827 patrimonia,
580 747 657 827 rpuod
686 749 755 807 satis
782 765 945 826 superque,
975 749 1156 826 peucetiam
1179 750 1286 810 misere
1307 748 1462 810 dolendum

184 859 259 920 erat,
288 852 413 930 impetus
440 850 524 909 isthic
553 851 618 919 liat,
646 851 696 910 sod
726 858 753 910 ct
782 848 869 928 [qarod
897 850 1049 910 serendum
1077 867 1272 929 nequaquam·
1289 859 1347 921 est,
1375 852 1462 912 modo

94 1126 100 1137 ⁸
183 1063 258 1115 stros
280 1054 435 1115 fortissima
463 1060 561 1132 serpat
582 1071 597 1112 a
622 1055 782 1131 depravatis
804 1054 941 1115 Romanae
964 1054 1084 1114 ciuitatis
1106 1055 1217 1114 rircndi
1239 1053 1342 1114 ritibus
1364 1063 1462 1115 conta-

184 1157 248 1233 giol
270 1157 306 1216 de
330 1154 575 1234 indulgentiarum
598 1157 748 1223 nundinis,
772 1157 946 1235 gratiarum,
969 1156 1231 1233 dispensationum,
1254 1154 1531 1217 relaxationumsu.

184 1265 214 1317 et
227 1256 441 1318 absolutionum
457 1265 634 1325 mercatura,
658 1278 692 1318 ac
714 1260 791 1318 omui
812 1277 890 1319 nrrnc
912 1261 1039 1319 exercito
1054 1257 1199 1318 bullarum
1215 1276 1265 1335 ge·
1287 1253 1294 1321 l
1316 1256 1464 1344 fflfflfl·

185 1377 264 1428 nere,
280 1359 315 1420 de
332 1358 420 1427 dolis,
438 1360 603 1429 fraudibus
619 1361 746 1428 technis,
763 1362 912 1427 versutiis,
929 1361 1010 1429 luco,
1027 1359 1179 1437 decipulis,
1197 1359 1358 1430 calliditate,
1374 1355 1457 1427 lauis.

155 1461 395 1540 tosycopbanliis,
419 1463 556 1541 pertidia,
579 1462 759 1531 infidelitate,
784 1463 935 1539 periuriis,
951 1461 1123 1539 sacrilegiis
1139 1462 1313 1531 ludionibus,
1330 1467 1336 1536 Ι
1360 1482 1391 1518 ao.
1408 1490 1464 1524 aaa..

187 1562 316 1632 lallatiis,
341 1563 506 1631 calumniis,
530 1563 726 1634 contumeliis,
751 1563 868 1633 malitia,
892 1564 1026 1632 audacia,
1051 1561 1141 1634 ludis,
1164 1563 1314 1635 ludibriis,
1337 1565 1465 1628 luditica-

188 1664 327 1733 tionibuS,
353 1667 447 1733 tricis,
472 1664 721 1734 fascinationibus,
746 1666 872 1733 insidiis,
896 1665 1074 1734 terroribus,
1091 1666 1189 1732 minis,
1213 1668 1380 1744 prestigiis,
1404 1669 1464 1729 lur-

187 1768 235 1834 tis,
252 1768 375 1845 rapinis,
391 1766 665 1845 lrarpagationibus,
689 1768 817 1836 astutiis,
834 1766 939 1846 quibus
955 1767 1082 1827 lrmnano
1099 1768 1200 1843 generi
1215 1768 1368 1844 imponunt
1383 1770 1401 1830 ii
1417 1772 1465 1850 qui

187 1868 316 1929 ecclesiae
338 1887 416 1928 nunc
437 1876 537 1929 tenent
558 1868 772 1946 grabcrnacnla?
801 1869 906 1929 deinde
928 1869 1173 1947 qrretmadmodurn
1196 1877 1256 1929 stn-
1278 1885 1284 1954 Ι
1308 1867 1534 1947 ξῇῗξ·ξ,·,,ζζ’·’·5.ιο.

157 1971 275 2031 neleant
296 1970 351 2038 illi,
381 1989 440 2030 non
468 1979 500 2031 ut
527 1989 582 2031 uros
610 1972 748 2040 doceant,
778 1972 856 2050 quod
886 1974 1089 2049 cpiscoporum
1111 1971 1211 2049 utiquc
1234 1978 1263 2031 et
1284 1972 1466 2034 sacerdotum

188 2079 251 2133 erat
272 2073 414 2137 officium.
444 2071 494 2133 sed
518 2079 549 2131 ut
570 2073 707 2150 diripiant
729 2082 758 2133 et
780 2072 950 2151 compilant,
979 2072 1056 2151 quod
1079 2091 1094 2132 a
1117 2073 1246 2151 tyrannis
1268 2075 1356 2134 metui
1379 2076 1467 2145 solet;

189 2193 242 2234 nec
265 2182 297 2233 ut
319 2172 455 2233 meliores
477 2191 530 2233 nos
553 2173 658 2234 laciant
682 2176 859 2243 erudiendo,
887 2175 938 2235 sed
967 2182 999 2234 ut
1027 2174 1168 2252 rapiendo
1196 2175 1360 2235 tenuiores?
1387 2186 1415 2238 et
1437 2186 1469 2238 ut

189 2277 283 2335 omnia
307 2275 407 2335 llomte
429 2275 464 2335 ad
495 2283 637 2354 questum
667 2285 873 2356 comparentur
896 2275 996 2345 bodie,
1025 2277 1123 2354 pietati
1152 2275 1319 2336 locus.nou
1348 2276 1469 2367 'ww

189 2378 242 2437 sit?
264 2384 355 2455 rrtque
378 2376 431 2445 ibi,
455 2380 568 2454 quoties
589 2379 656 2437 nori
672 2378 846 2458 adoptantur
862 2378 1041 2447 Cardiuales,
1066 2379 1149 2438 toties
1164 2379 1307 2438 recenleis
1322 2369 1329 2439 Ι
1344 2377 1468 2455 ξβξῇξξξΙΜ

157 2500 182 2540 ao
192 2478 348 2539 adornatos
375 2477 428 2538 sibi
457 2479 629 2556 spoliatores
659 2488 687 2540 et
715 2480 867 2559 praedones
889 2482 1042 2543 Germania
1069 2478 1227 2558 intelligat?
1257 2488 1288 2539 ut
1316 2482 1536 2560 episcopussu.

189 2579 298 2640 habere
314 2580 467 2639 Gerurauis
489 2599 548 2640 uon
571 2581 669 2651 liceat,
693 2583 746 2641 nisi
769 2584 817 2661 (μή
840 2583 939 2643 Romae
962 2582 1045 2661 pallia
1068 2583 1209 2651 emerint,
1238 2600 1309 2661 qrro-
1332 2581 1469 2669 pfggffiifft‘·

191 2700 254 2741 rum
278 2689 374 2740 tamen
398 2682 523 2742 retrditio
547 2685 667 2743 auctiori
690 2685 783 2745 indies
805 2686 904 2762 precio
927 2686 1128 2763 proponatur?
1150 2692 1182 2744 ut
1203 2692 1393 2762 patronorum
1417 2687 1470 2747 tol-

191 2780 287 2842 lantur
307 2784 384 2848 iura,
408 2786 533 2863 antiquis
556 2786 814 2847 consuetudinibus
837 2786 1004 2846 intercessio
1026 2787 1091 2854 liat,
1115 2787 1239 2846 nationis
1260 2803 1267 2874 1
1290 2783 1470 2871 fifssmgssggfflfff‘·

191 2882 277 2943 huius
299 2883 420 2944 libertas
442 2885 646 2955 conculcetur,
676 2889 840 2966 principum
864 2888 1022 2948 authoritas
1050 2887 1175 2949 ludibrio
1204 2886 1359 2958 habeatur,
1388 2897 1416 2948 ct
1438 2897 1469 2949 ut

159 3009 184 3048 aa
193 2986 355 3046 sacerdotia
378 2987 425 3047 bic
448 2990 591 3048 maiorum
614 2997 782 3050 nostrorum
807 2988 977 3050 iiberalitate
1000 2991 1127 3050 instituta
1150 2990 1183 3050 iis
1198 2990 1247 3068 qui
1263 2991 1291 3048 in
1307 2988 1385 3050 ltalia
1402 2999 1469 3051 sunt

192 3086 300 3148 babere
323 3087 421 3154 liceat,
451 3089 603 3150 nobiscum
626 3090 696 3151 nihil
719 3109 873 3151 commuue
901 3109 1024 3169 usquam
1053 3092 1108 3168 ipsi
1135 3091 1278 3152 habeant?
1306 3094 1538 3171 repromisse·

192 3188 328 3249 omuibus
350 3199 522 3251 occurratur
545 3191 832 3270 publicabuntur,
856 3202 885 3251 ct
907 3212 939 3252 ca
962 3193 1047 3253 toties
1070 3196 1125 3252 iam
1148 3192 1327 3270 repullulans
1349 3196 1470 3255 contrita

193 3292 244 3359 sit,
268 3292 417 3370 respirans
440 3293 609 3370 praelocata,
638 3312 808 3371 remergeus
830 3294 983 3370 depraessa,
1014 3295 1143 3353 renitens
1165 3313 1307 3372 conquas·
1331 3291 1337 3360 l
1360 3294 1471 3371 ppppssglll·

193 3394 272 3452 sata?
301 3401 333 3453 ut
354 3395 427 3453 mira
451 3402 479 3454 et
502 3396 627 3456 inaudita
651 3395 843 3473 omnibusque
866 3396 1012 3469 incognita
1041 3393 1153 3454 saeculis
1176 3396 1353 3473 impudentia
1376 3399 1472 3456 renia-

161 3511 259 3556 aurum
283 3503 311 3553 et
334 3495 578 3557 rorrdouatiomnn
601 3503 746 3556 mercatus
768 3496 815 3556 bic
837 3495 992 3564 habeatur,
1014 3503 1072 3556 taur
1095 3495 1199 3556 creber
1223 3503 1357 3576 tantaque
1381 3501 1472 3575 copia,

195 3603 226 3655 ut
254 3597 277 3654 is
307 3595 393 3655 ueluti
422 3597 568 3674 quoddam
598 3598 682 3658 bodie
711 3597 847 3657 diluuium
876 3606 964 3657 totam
993 3596 1114 3657 inundet
1141 3599 1247 3674 passim
1276 3601 1472 3668 Germaniam,

195 3694 272 3756 nulla
295 3697 411 3774 (pridem
441 3700 602 3759 animarum
632 3707 797 3760 rroslrarum
827 3717 911 3765 cura,
942 3699 992 3758 scd
1016 3699 1175 3759 insatianda
1199 3702 1388 3777 pecuniarum
1417 3701 1472 3768 siti,

196 3817 291 3877 neque
320 3805 415 3857 tamen
444 3798 553 3876 largius
582 3800 626 3860 bac
656 3801 710 3861 sub
740 3808 881 3879 praetextu
912 3800 1096 3877 lreuignitatis
1124 3801 1353 3878 profundantur,
1386 3820 1472 3880 (pram

196 3900 353 3959 crudeliter
386 3903 693 3962 excomumuieationis
722 3901 829 3961 tulmen
861 3903 1083 3980 conspergitur?
1112 3909 1201 3980 utque
1232 3920 1265 3962 ea
1289 3897 1295 3961 l
1318 3900 1472 3979 Blffigngffi

164 4019 283 4078 aapmua
306 4004 334 4060 in
357 4009 468 4061 tantum
492 4005 547 4063 iam
571 4002 696 4063 abusum
719 4005 844 4070 verterit,
869 4011 980 4064 utnon
1002 4002 1095 4063 solum
1119 4003 1155 4063 ab
1178 4003 1394 4074 innocentibus,
1423 4025 1472 4064 re-

196 4104 349 4162 rruuctiam
372 4122 387 4161 u
412 4105 622 4163 nocentissimis
644 4104 810 4180 infligatur?
838 4105 881 4163 ,ld
904 4104 1036 4165 ultimum
1059 4105 1095 4165 de
1117 4105 1211 4166 studio
1227 4105 1540 4175 Romanistarumttt.

196 4204 272 4281 quod
290 4223 324 4263 co
340 4204 431 4263 tendit
446 4222 541 4271 omne,
564 4212 596 4263 ut
618 4204 775 4266 alidelirun
798 4206 900 4265 animis
922 4204 1073 4267 aboleatur
1095 4206 1257 4284 euangelica
1280 4204 1287 4274 Ι
1309 4206 1474 4284 ξῖξῆξῗὶξξῆϋζῗ·

196 4307 318 4373 ueritas,
342 4307 429 4382 inquo
452 4307 514 4365 cius
536 4304 632 4366 locum
655 4305 764 4367 callidae
786 4307 932 4376 fictiones
955 4307 1105 4368 lrmninum
1127 4307 1355 4377 traditiunculis,
1379 4312 1472 4387 turpis

197 4403 270 4466 lueri
292 4407 473 4467 allectatione
496 4409 690 4477 concinnatae,
715 4410 936 4486 supponantur?
958 4416 985 4467 et
1008 4411 1253 4487 ‹perornatlmorlum
1276 4428 1333 4469 nou
1351 4410 1378 4470 id
1395 4429 1471 4489 quur·

127 4500 130 4507 ’
162 4516 265 4573 mruut
288 4507 417 4568 ccclesiae
439 4509 578 4568 antistites
600 4527 691 4577 nnnc,
723 4509 869 4588 qrrrrmodo
898 4530 933 4570 ex
956 4510 1060 4570 Christi
1082 4512 1211 4572 instituto
1241 4513 1334 4572 rivere
1362 4512 1474 4572 discant

195 4609 343 4675 lromines,
373 4610 423 4669 sed
453 4617 485 4669 ut
513 4609 624 4687 perdita
655 4629 706 4671 stra
735 4612 851 4671 avaritia
875 4610 1038 4689 expleatur,
1069 4631 1128 4672 snae
1156 4612 1241 4673 nullis
1262 4615 1393 4674 terminis
1415 4616 1469 4674 cir·

198 4712 395 4787 rurnsrriptae,
425 4709 512 4770 nullis
541 4711 647 4773 unitus
668 4712 824 4790 designatae
846 4712 995 4773 ambitioni
1025 4731 1089 4772 mos
1110 4717 1248 4791 geratur?
1277 4714 1318 4775 lle
1340 4715 1398 4783 bis,
1426 4716 1538 4778 ira-ca.

257 4813 386 4863 llvaaean
401 4814 467 4862 Oar.
482 4829 543 4863 voc.
559 4814 623 4864 1111.
1210 4815 1250 4876 23
