3382 5370
406 352 453 402 xl.
521 368 680 402 nonnosus.
751 367 889 402 urtcoors
908 368 1088 403 nvrrsmcvs.
1109 351 1195 417 (nto.)
1360 338 1432 410 365

216 541 414 583 ruanersevs.
453 520 544 598 Igitur
567 540 600 582 ex
625 529 652 582 te
675 540 788 601 (putero,
813 520 879 583 licet
900 541 965 583 esse
987 521 1116 583 nobiles?
1295 519 1303 602 Ι
1326 520 1502 600 {tmere

217 644 391 685 usnemun.
431 622 530 683 Licere
552 631 632 701 puto.

217 744 416 786 nnasmscvs.
454 725 529 785 Tum
552 743 606 804 pro
628 724 775 786 nobilibus
797 724 850 786 soli
872 725 999 786 babeudi
1021 734 1088 787 sunt
1110 727 1278 805 Principes?

217 848 392 888 nerccaron.
432 826 495 886 lion
523 825 593 886 soli:
622 845 689 887 nam
718 834 747 885 et
768 826 913 887 inlerioris
940 827 1049 904 gradus
1071 828 1196 888 Comites
1218 848 1290 889 roco
1313 828 1434 898 nobiles,

133 944 251 1008 tneque
275 946 332 987 nrm
356 928 501 988 noirandus
523 945 574 988 vos
595 936 680 1006 puto,
709 928 760 989 sed
788 936 908 989 eatenus
935 938 1077 1009 qrratenus
1106 948 1173 990 cum
1201 935 1306 991 virtute
1329 931 1434 992 vivitis:

154 1051 220 1092 nam
243 1031 306 1090 lnce.
330 1032 413 1090 inlixa
437 1031 607 1108 iampridem
630 1032 728 1109 opinio
750 1031 819 1091 mibi
842 1038 897 1100 est,
922 1050 1016 1109 neque
1039 1038 1108 1109 puto
1131 1032 1275 1092 ecirnetur
1296 1051 1433 1111 ortonam.

155 1153 188 1194 ex
213 1135 317 1192 uirtute
340 1132 518 1192 nobilitatem
542 1134 679 1210 coepisse,
703 1133 837 1193 desinere
859 1152 925 1193 cum
948 1153 963 1193 a
988 1135 1092 1193 virtute
1114 1132 1244 1193 discedit
1310 1132 1434 1209 {,‘‡,¹}}{⁵,¹J⁵‘¹

216 1254 415 1296 consumens.
454 1234 542 1294 Recte
565 1237 620 1295 ais:
644 1236 686 1295 sic
708 1235 784 1294 enlm
808 1252 929 1302 censeo,
952 1236 1087 1295 virtutem
1109 1234 1292 1295 haereditario
1315 1254 1373 1295 mm
1389 1240 1456 1296 rot
1472 1242 1502 1287 ¹¹.

155 1337 258 1416 linqui,
282 1344 310 1398 ct
333 1344 365 1396 ut
386 1337 503 1397 maximi
526 1337 680 1415 qnisquam
703 1335 800 1414 flagitii
824 1339 959 1396 coruscius
980 1335 1034 1396 sibi
1050 1337 1096 1404 llt,
1119 1337 1157 1396 ita
1172 1336 1338 1397 babendum
1355 1344 1434 1398 extra

122 1449 145 1489 tt
159 1438 336 1499 nobilitatem
361 1438 568 1507 remotissime,
598 1439 684 1498 etiam
707 1439 846 1515 Princeps
874 1437 1020 1498 siluerit:
1049 1456 1145 1517 neque
1167 1456 1242 1516 nego
1264 1440 1435 1500 excideres

155 1542 298 1602 maiorum
327 1559 449 1600 suorum
477 1541 643 1618 prestantia
674 1540 806 1619 quisquis
835 1539 908 1600 lacta
932 1557 997 1618 quae
1019 1537 1083 1599 illos
1114 1538 1348 1607 nobilitaverunt,
1377 1559 1435 1601 non

155 1645 297 1709 imitatur,
331 1661 366 1702 ac
396 1641 477 1702 valde
507 1642 577 1702 istos
606 1641 735 1702 detestor
769 1641 855 1718 uulgo
884 1639 1012 1710 nobiles,
1048 1660 1174 1720 qnorum
1203 1649 1285 1702 vetus
1307 1638 1435 1726 lipssfiss'·⁰·

156 1753 199 1806 cst
229 1746 362 1824 prosapia
392 1744 442 1803 sed
472 1762 575 1803 recens
602 1745 671 1812 cita,
703 1743 751 1822 qui
780 1742 936 1803 multarum
966 1749 1034 1803 snut
1063 1744 1222 1822 imaginum
1250 1744 1301 1804 sed
1330 1743 1436 1805 nullius

154 1847 298 1925 stipendii.
344 1843 418 1905 Tum
441 1847 530 1915 scias,
559 1845 650 1924 siquis
672 1845 836 1922 reperiatur
857 1845 887 1905 in
911 1854 1008 1905 nostra
1031 1843 1136 1904 lamilia
1167 1848 1216 1924 qni
1246 1842 1437 1930 llgssgpssfgtssffiffl

122 1949 191 2009 mad
215 1967 307 2026 genus
329 1947 385 2007 boc
408 1948 549 2025 originem
571 1966 654 2007 suum
676 1946 797 2017 reserat,
821 1949 876 2007 vita
900 1965 968 2007 vero
991 1947 1103 2007 inlbnas
1125 1966 1255 2026 quasque
1270 1947 1372 2008 surdos
1387 1966 1436 2008 ex·

154 2053 273 2129 primat,
304 2068 370 2110 enm
400 2067 457 2108 non
487 2049 654 2109 habiturum
684 2066 737 2125 pro
761 2056 885 2124 cognato
908 2066 955 2108 rue
977 2056 1027 2108 aut
1048 2048 1163 2124 gentili,
1192 2052 1276 2109 etiam
1300 2067 1358 2108 non
1380 2067 1434 2126 pro

154 2152 258 2220 nobili,
282 2169 377 2230 neque
400 2151 530 2211 lotorum
553 2168 708 2211 commune
730 2147 771 2209 illi
793 2169 909 2210 mecum
931 2148 1039 2228 alirprid
1061 2168 1199 2229 unquam.

216 2274 390 2315 saccaron.
429 2253 522 2324 Quam
546 2259 573 2312 tc
601 2252 678 2330 lengi
707 2251 777 2311 lacis
806 2253 857 2330 qui
887 2259 928 2312 tot
950 2251 1108 2329 diripuisti,
1140 2252 1282 2331 ‹puosdam
1304 2253 1503 2314 occidistis-2.

154 2358 256 2423 etiam,
281 2353 382 2415 lrirola
405 2353 441 2415 de
464 2373 566 2415 catrssa
589 2361 705 2414 etcum
728 2353 847 2414 deceret
870 2354 995 2414 minime.

153 2561 278 2622 libenter
300 2558 394 2636 patior
417 2558 491 2617 bano
513 2558 583 2618 mini
606 2559 669 2617 fieri
692 2556 744 2618 abs
767 2564 794 2617 te
823 2558 972 2628 iniuriam,
1001 2556 1070 2617 duur
1099 2559 1128 2619 in
1156 2559 1362 2619 communibus
1389 2578 1435 2619 re·

154 2663 310 2740 darguam:
345 2678 440 2738 crepitu
468 2667 498 2720 tn
526 2678 654 2738 umpmrn
684 2661 804 2738 cliugies
833 2659 932 2728 bodie,
963 2661 1032 2740 quin
1061 2662 1248 2730 convincare,
1281 2669 1434 2740 postquam

153 2763 242 2824 semel
266 2763 360 2823 lassus
382 2781 413 2822 es
435 2781 469 2820 ex
493 2761 598 2822 virtute
621 2760 799 2822 nobilitatem
822 2762 1016 2822 descendere:
1041 2763 1231 2840 quamobrem
1255 2762 1338 2823 liceat
1360 2765 1436 2824 scire

154 2886 188 2927 nx
212 2874 349 2944 tequam
371 2865 505 2924 virtutem
528 2882 591 2924 esse
614 2882 730 2933 censes,
754 2884 788 2924 ex
812 2884 867 2944 qua
890 2866 1072 2943 potissimum
1094 2864 1228 2925 nobilitas
1250 2867 1416 2942 contingat?

121 2982 146 3022 ιι
220 2985 394 3027 beautron.
431 2963 569 3025 Bellicam
591 2967 680 3027 aiunt.

216 3087 415 3131 rnasmscvs.
453 3066 665 3129 Fortitudinem
688 3074 807 3129 cerrsest
1281 3063 1288 3132 l
1311 3087 1414 3124 somno.

216 3191 391 3232 nnncaron.
429 3169 533 3246 ipsam.

216 3292 413 3334 nonsurscvs.
452 3271 544 3332 Etiam
568 3272 623 3332 boo
644 3274 733 3333 sentis
755 3290 885 3332 mecum:
909 3271 1047 3332 lortitndo
1069 3292 1138 3334 cero
1162 3293 1226 3352 quum
1248 3275 1309 3334 est?
1445 3284 1505 3334 §.m

216 3395 393 3435 nuncnune.
432 3373 543 3443 Virtus,
567 3375 714 3441 existimo,
738 3391 872 3452 pugnans
894 3392 947 3452 pro
970 3376 1112 3452 nullitate.
1418 3446 1420 3450 Α

120 3495 147 3534 ιιι
224 3496 420 3539 consumere.
458 3477 504 3536 Sic
533 3483 577 3536 est
605 3478 745 3553 prolecto.
789 3495 884 3555 neqrre
911 3495 1040 3554 reliquant
1069 3495 1128 3536 nou
1154 3478 1312 3537 sanissime
1334 3481 1438 3539 mentis

154 3578 288 3639 imlicabo
311 3581 353 3637 sir.
375 3585 521 3644 statuere,
545 3585 679 3637 tenturam
702 3578 819 3657 quidem
842 3597 929 3638 numm
953 3597 1016 3638 esse
1039 3586 1067 3637 et
1089 3597 1273 3640 communem
1297 3582 1435 3648 omnium,

153 3683 204 3741 sed
227 3681 416 3740 fortissimum
440 3699 585 3758 quemque
608 3681 873 3756 generosissimum.

216 3802 392 3843 truncarunt.
431 3781 493 3842 bort
516 3782 638 3841 inlicinr.

217 3904 414 3945 sumersete.
453 3883 488 3943 lit
517 3882 574 3943 boc
602 3884 673 3944 mibi
703 3884 838 3945 concedis
862 3891 943 3944 tanto
970 3883 1142 3946 nobiliorem
1169 3904 1233 3946 esse
1260 3904 1436 3966 quemqnam

120 3996 263 4064 noqrmnto
280 3988 371 4061 iringis
393 3993 503 4063 pugnet
526 4002 579 4062 pro
603 3987 755 4064 aequitate?

216 4109 390 4149 usnemun.
428 4087 530 4146 Etiam.

217 4209 415 4252 romcrscvs.
453 4189 527 4258 Ouid
557 4188 612 4249 boc
643 4191 759 4250 aretem?
786 4190 923 4251 concedis
951 4192 1076 4251 maxime
1098 4191 1203 4252 decere
1227 4210 1280 4270 pro
1303 4193 1437 4271 renititate

155 4310 286 4370 pugnare
309 4292 472 4369 Principes,
506 4309 563 4349 mm
586 4290 655 4349 solis
677 4300 772 4351 tanmn
796 4290 899 4359 licere,
929 4310 995 4352 rum
1018 4300 1085 4353 ante
1107 4293 1283 4354 obtinuerim
1307 4295 1313 4364 Ι
1336 4313 1437 4359 triceno·

155 4413 212 4454 non
236 4393 314 4453 solos
337 4412 400 4453 osse
423 4392 549 4459 nobiles,
573 4391 639 4451 licet
660 4393 801 4470 imprimis
823 4395 897 4452 sint‘t

121 4522 147 4560 m
222 4516 397 4556 nurcoaron.
435 4495 584 4562 (burn-edo,
608 4513 709 4554 rorum
732 4495 786 4554 bac
809 4495 992 4563 condicione,
1016 4504 1047 4557 ut
1069 4495 1184 4555 illorum
1208 4498 1286 4557 iussn
1311 4517 1360 4557 ros
1383 4498 1504 4576 prr-itt·

157 4599 265 4676 gnotis,
294 4617 388 4677 ooqoo
412 4616 465 4676 pro
488 4604 581 4655 restra
604 4595 723 4656 libidine
745 4599 864 4657 sumatis
887 4614 978 4655 orma.

219 4720 417 4761 snascmcrs.
454 4698 538 4770 Ortod
561 4699 584 4757 si
607 4717 755 4778 rrrrrupram
779 4699 896 4760 iubeant
917 4696 972 4765 illi,
995 4708 1027 4759 nt
1050 4716 1117 4758 roro
1132 4699 1233 4759 iubent
1255 4718 1333 4761 ιιιιιιι·Ι
1357 4700 1433 4778 (riam
