3382 5370
280 1216 748 1296 APOPIITHEGMATA
781 1219 993 1298 VADISCI
1024 1221 1094 1296 ΕΤ
1126 1220 1413 1314 PASQVILLI

543 1359 592 1409 uu
612 1358 804 1410 conuvrro
823 1359 938 1409 s'rarv
956 1358 1143 1410 acceusae

151 1539 195 1589 §.t
270 1533 361 1588 llirit
383 1532 559 1588 l'adiscus.
597 1533 729 1606 Tbeolegi
758 1533 940 1589 llomauerises
968 1533 1100 1607 duplicem
1130 1534 1274 1590 Ecclesiam
1303 1535 1504 1607 distinguunt,

206 1635 284 1674 unam
307 1616 473 1689 geerreraleur.
497 1617 575 1673 aliam
598 1618 754 1692 specialem.
780 1618 804 1673 id
827 1627 869 1673 est
884 1618 1039 1682 llorrrauarn,
1063 1637 1123 1694 quae
1146 1627 1253 1675 constat
1275 1636 1307 1675 ex
1332 1620 1449 1676 furibus
1473 1629 1503 1676 et

204 1702 372 1764 latronibus,
395 1721 427 1758 cn
450 1703 597 1759 simoniaco
620 1703 760 1765 Pontifice,
790 1720 822 1759 ex
845 1703 1039 1775 impostoribus
1062 1712 1088 1760 et
1111 1704 1265 1776 sacrilegis.
1294 1722 1327 1760 cx
1352 1706 1525 1766 fraudato-s

204 1787 280 1843 ribus
302 1797 330 1842 et
351 1788 478 1850 notariis,
501 1805 533 1844 ex
555 1787 739 1845 adulatoribus
761 1788 901 1862 Episcopis
924 1788 1033 1845 llomani
1056 1789 1206 1863 pontilicis,
1229 1788 1328 1845 scribis
1352 1798 1382 1845 ct
1405 1791 1435 1847 iil
1452 1808 1502 1864 gc-

206 1888 257 1928 nus
278 1872 477 1946 deceptoribus.

151 1950 196 2000 Η·
269 1957 360 2012 ltixit
381 1956 589 2031 l'asquillns.
626 1958 710 2014 llodie
733 1957 871 2033 impletum
894 1966 937 2015 est
959 1959 986 2014 iu
1008 1958 1146 2033 persolutis,
1169 1958 1360 2015 sacerdotibus
1383 1968 1414 2016 et
1438 1978 1501 2016 mo·

205 2042 298 2097 uerbis
321 2042 394 2115 quod
416 2042 525 2118 scripsit
540 2042 681 2100 llalacbias
703 2044 835 2118 propbeta
851 2062 890 2100 ca.
907 2045 934 2099 ii.
958 2043 1046 2099 ‘bobia
1061 2044 1209 2106 sacerdotis
1224 2044 1389 2100 custodiunt
1405 2045 1499 2102 scien-

206 2126 294 2189 tiam,
318 2136 344 2183 et
360 2126 447 2200 legem
463 2128 604 2201 requirent
627 2146 657 2184 en
681 2146 728 2184 ore
752 2129 819 2190 eius,
843 2130 904 2203 eperia
921 2127 1034 2202 angelus
1056 2128 1157 2185 ‹louriui
1174 2131 1342 2185 exercituum
1360 2139 1423 2191 este
1446 2149 1497 2186 ros
1510 2149 1536 2189 eo

206 2219 304 2267 ‘autem
320 2213 472 2267 recessistis
487 2213 520 2268 de
543 2213 582 2267 via
604 2222 632 2269 et
654 2213 853 2269 scandalisastis
876 2213 1008 2288 plurimos
1032 2215 1058 2268 iu
1081 2212 1154 2287 lege.
1180 2214 1285 2269 irritum
1310 2214 1425 2270 lecestis
1451 2234 1500 2290 pa·

206 2304 287 2351 ‘ctiam
303 2296 378 2358 Levi,
401 2297 466 2354 dicit
481 2297 607 2359 dominus
629 2298 814 2354 exercituum!
857 2296 925 2366 Quid
948 2316 1014 2370 ergo
1037 2299 1059 2353 si
1081 2298 1265 2371 despiciantur
1288 2298 1340 2355 iarn
1365 2301 1498 2356 sacerdo-

206 2382 265 2436 tes?
294 2392 502 2454 promeruerunt
524 2381 576 2437 boc
598 2391 706 2456 peccata
729 2383 865 2457 ipsorum:
892 2384 963 2438 etsi
987 2383 1160 2446 deliciantur,
1190 2391 1419 2444 contemnantur.
1449 2386 1499 2441 de·

207 2465 377 2539 praedentur,
402 2468 481 2523 immo
498 2468 578 2523 etiam
595 2467 752 2540 relegentur
767 2469 798 2523 ad
814 2476 919 2531 aratra,
942 2468 994 2525 boc
1009 2468 1036 2523 in
1053 2486 1109 2524 reni
1126 2469 1246 2542 ipsorum
1262 2477 1319 2529 est.
1345 2478 1376 2525 ut
1392 2471 1497 2526 anirum

206 2549 317 2605 illerum
339 2550 419 2607 salire
441 2553 496 2607 sint
519 2553 546 2607 in
569 2553 683 2613 iudicio.
707 2553 768 2626 quia
791 2570 845 2609 non
868 2554 967 2609 iudicat
988 2554 1054 2610 deus
1078 2553 1119 2608 bis
1136 2554 1161 2608 in
1178 2552 1309 2626 idipsum:
1332 2561 1362 2609 et
1376 2553 1497 2610 domino
1511 2573 1535 2613 rs

206 2652 315 2709 quoque
336 2636 442 2692 dicente
464 2636 500 2692 ‘Si
524 2637 585 2710 epiris
607 2636 823 2693 scandalisaverit
851 2656 932 2694 unum
961 2638 994 2693 dc
1022 2638 1128 2712 pusillis
1157 2637 1216 2693 istis
1245 2637 1292 2711 qui
1316 2638 1343 2693 iu
1368 2656 1413 2694 me
1437 2657 1500 2698 cre·

206 2720 296 2782 alunt,
319 2720 414 2777 melius
436 2729 479 2777 est
501 2729 531 2777 ut
553 2722 735 2795 suspendatur
755 2722 826 2778 triola
848 2723 962 2778 asinaria
986 2723 1011 2778 in
1033 2723 1105 2779 collo
1127 2723 1184 2779 eius
1206 2730 1233 2777 et
1256 2723 1454 2798 praecipitetur
1469 2726 1499 2781 in

208 2815 303 2868 mare,
326 2823 406 2879 quam
426 2806 586 2863 scaurlaliset
609 2824 690 2863 uuum
713 2808 745 2864 rle
760 2807 873 2882 pusillis
897 2807 974 2863 istis·

150 2891 195 2941 §.a
269 2890 361 2947 bixit
383 2890 558 2948 Vadiscus.
596 2891 662 2948 Vere
685 2892 736 2948 iam
759 2892 784 2947 in
807 2892 927 2948 Romano
949 2892 1075 2966 pontifice
1098 2900 1125 2948 et
1146 2893 1250 2949 caeteris
1266 2892 1398 2951 Ecclesiae
1423 2912 1500 2969 prae·

205 2974 268 3032 latis
289 2973 453 3050 cumpletum
476 2984 518 3032 est
541 2976 612 3050 epirod
634 2977 701 3035 dixit
723 2977 813 3033 Esaias
836 2976 968 3051 propbeta
991 2979 1147 3050 ‘Argentum
1172 2985 1246 3032 turim
1270 2995 1379 3034 versum
1403 2988 1449 3035 est
1467 2980 1536 3038 inm

206 3061 345 3123 seoriam,
367 3078 504 3135 caupones
532 3061 570 3116 tui
594 3062 708 3118 miscent
729 3063 791 3117 vino
814 3079 924 3134 aquarn
954 3063 1090 3135 principes
1115 3063 1152 3117 tui
1176 3062 1333 3118 obedientes
1357 3065 1430 3120 socii
1456 3066 1501 3121 lu-

206 3154 288 3208 num,
312 3163 406 3202 omnes
420 3145 537 3219 diligunt
560 3164 683 3210 munera.
706 3156 858 3220 sequuntur
878 3145 1085 3208 retributiones.
1110 3145 1214 3220 Pupilla
1237 3163 1293 3202 nou
1309 3148 1445 3212 iudicant,
1470 3160 1501 3207 et

207 3239 294 3287 ‘causa
316 3231 403 3288 viduae
424 3249 480 3287 nou
503 3232 656 3304 ingreditur
677 3232 708 3288 ad
733 3231 808 3295 illos;
831 3241 859 3287 et
882 3231 940 3287 ideo
957 3249 1010 3287 riou
1027 3231 1124 3288 iniuria
1140 3231 1275 3287 sustinent
1291 3235 1502 3292 contumelias!

205 3324 237 3373 ut
258 3315 328 3372 idem
350 3315 431 3390 paulo
454 3325 518 3391 post
540 3317 628 3390 iuqirit
651 3317 715 3374 ‘lleu
737 3315 901 3373 consolabor
923 3334 1004 3390 snper
1026 3316 1150 3372 hostibus
1174 3316 1254 3377 meis,
1283 3327 1311 3373 et
1334 3318 1503 3377 vindicabor

205 3400 246 3457 ‘de
269 3400 384 3458 inimicis
406 3402 486 3464 meis,
517 3409 544 3457 et
571 3403 604 3458 ael
632 3420 728 3476 purum
756 3419 901 3474 excerptam
930 3403 1045 3457 scoriam
1073 3419 1170 3463 nieani,
1199 3409 1226 3456 et
1255 3403 1377 3459 anleram
1411 3422 1538 3471 unrocus

204 3494 339 3543 ‘stannum
362 3494 452 3549 tuum,
475 3495 503 3543 et
524 3485 647 3560 purgabo
669 3487 739 3542 lilios
761 3487 841 3542 Leri’

150 3572 195 3625 §.e
268 3571 358 3627 llixit
379 3571 590 3645 Pasquillas.
627 3571 795 3647 Completum
823 3580 865 3627 est
893 3572 919 3627 in
941 3571 1024 3626 ltorna
1054 3571 1125 3644 quod
1149 3571 1279 3643 scriptum
1302 3580 1346 3627 est
1369 3572 1441 3630 olim
1463 3575 1504 3632 de

206 3655 355 3730 Babylone:
379 3655 440 3730 plus
462 3658 532 3716 enim
556 3675 635 3730 quarn
658 3656 776 3732 llabplon
798 3655 868 3719 baec,
891 3673 978 3729 neque
1001 3673 1118 3730 utiquam
1141 3664 1195 3711 tam
1217 3655 1351 3712 scelerata
1375 3658 1433 3715 luit
1455 3660 1503 3717 vel

204 3742 232 3797 in
253 3741 354 3797 delitiis
377 3749 407 3796 ut
429 3741 509 3797 bodie
531 3742 622 3798 Roma.
666 3751 694 3797 et
717 3742 776 3797 irleo
799 3742 939 3815 continget
961 3740 1000 3796 illi
1023 3741 1095 3814 quod
1117 3741 1247 3814 scriptum
1263 3749 1306 3796 est
1321 3742 1412 3799 Esaiae
1429 3745 1503 3801 xiiii.

204 3827 247 3883 ‘Et
268 3827 320 3882 erit
334 3824 452 3900 babylon
475 3826 512 3898 (id
534 3835 576 3882 est
598 3825 691 3899 borna)
715 3826 758 3882 illa
781 3825 901 3899 gloriosa
926 3826 951 3881 in
975 3825 1078 3899 regnis,
1102 3825 1200 3899 inclyta
1224 3826 1251 3880 in
1267 3826 1399 3900 superbia
1416 3828 1542 3887 Chal-ao

205 3913 351 3973 ‘dreorunm
375 3911 445 3966 sieut
467 3910 597 3967 subvertit
620 3913 746 3968 ‹loririnus
762 3911 905 3968 Sorlounnn
921 3920 948 3966 et
963 3913 1129 3966 Gomorram.
1175 3927 1229 3966 uun
1252 3910 1430 3969 habitabitur
1453 3933 1505 3971 us·

204 4007 267 4071 ‘quc
290 3997 316 4051 in
340 3996 434 4057 serrem,
458 4003 486 4051 et
508 4014 561 4051 non
585 3996 741 4052 laudabitur
763 4014 849 4070 usque
872 3996 898 4052 iu
921 3996 1123 4069 generationem
1146 4004 1174 4050 et
1195 3996 1422 4067 generationem,
1448 4018 1506 4059 ure

205 4090 298 4157 ‘ponet
320 4080 356 4137 ibi
381 4081 496 4137 tentoria
512 4079 611 4142 Arabs.
636 4098 686 4139 nec
707 4089 832 4157 pastores
855 4082 1025 4156 requiescent
1048 4079 1098 4143 ibi,
1121 4080 1167 4136 serl
1183 4089 1265 4135 erunt
1281 4080 1317 4137 ibi
1334 4081 1447 4149 bestiae,
1473 4096 1506 4145 et

204 4248 404 4260 ————

271 4348 281 4380 ⁸
303 4349 425 4399 blaleeb.
439 4349 475 4398 ll.
490 4345 553 4398 718·
623 4349 781 4400 custodient
805 4348 915 4398 irratam.
985 4345 1006 4379 ¹⁸
1028 4348 1136 4412 Eveng.
1154 4363 1210 4396 sec.
1230 4348 1332 4398 Mat-th.
1346 4350 1458 4404 xvtn.
1474 4355 1506 4407 6.

203 4432 626 4485 Mere.1X.⁴ll.Luc.XVlL'2.
684 4433 707 4468 ²⁰
725 4434 767 4484 Cf.
782 4434 846 4482 lsai.
861 4433 883 4483 1.
897 4433 937 4482 22.
952 4447 1009 4496 sqq.
1066 4431 1087 4464 ²¹
1107 4431 1185 4481 obed.
1200 4430 1267 4498 soc]
1287 4433 1431 4499 infideles,
1453 4455 1507 4491 so-

204 4519 242 4569 cii
262 4517 280 4569 l.
301 4519 364 4568 Isoi.
433 4515 455 4548 ²⁸
478 4519 543 4568 lsai.
558 4519 579 4568 1.
593 4520 634 4568 at.
648 4536 688 4586 sq.
758 4517 780 4549 ²⁵
802 4519 919 4567 scorium
943 4522 1017 4565 tuam
1042 4517 1105 4566 Ieoi.
1175 4508 1202 4547 ’θ’
1220 4517 1307 4567 Immo
1331 4520 1505 4578 Isai.X111,

206 4602 308 4654 19...‘.’2.
329 4604 371 4653 Cf.
386 4605 484 4654 Icrcm.
497 4605 530 4654 L.
543 4604 583 4656 tu.
598 4621 638 4671 sq.
686 4603 749 4653 ⁸⁰in
761 4609 820 4653 onte
833 4618 890 4668 sup.
903 4606 972 4653 ornis.
990 4603 1063 4666 Votp.
1110 4598 1181 4666 ³²in]
1196 4601 1231 4650 ad
1247 4604 1321 4667 l'utp.
1363 4603 1513 4678 ι’(ιῐιιῐιῑ]

203 4690 379 4759 requiescent
400 4692 474 4756 Vntp.
