3382 5370
456 354 507 406 111.
577 368 714 406 ursatum
734 369 756 404 s.
775 368 857 404 At'Ls.
893 368 1041 404 oratoovs.
1061 352 1143 417 (rats.)
1392 336 1438 409 59

160 526 284 607 pellibus
306 529 426 589 amicire
448 545 573 605 corpora
595 525 743 593 solebant,
778 545 845 586 cmn
873 525 962 586 multa
991 526 1107 585 interim
1134 531 1273 584 strennuo
1288 526 1439 592 lacerent,

161 648 246 708 qitam
270 649 323 689 uos
344 632 386 690 sio
408 630 531 706 compti,
566 630 607 688 sic
629 629 723 687 ornati
745 626 823 688 nulla
853 627 928 687 lrella
956 628 1099 704 gerimus,
1134 626 1221 687 nullis
1249 625 1440 703 principibus,

162 730 247 792 nullis
268 731 388 810 regibus
409 733 509 810 iugum
524 731 715 808 imponimus,
740 728 847 790 nullam
863 729 980 789 laudem
996 731 1138 807 parinum,
1162 727 1270 788 nullam
1293 728 1328 789 ed
1344 736 1441 805 poste·

161 851 210 893 ros
232 833 355 911 gloriam
376 834 613 900 transmittimus,
644 834 697 892 uisi
721 831 799 910 qrrod
823 831 958 892 alacriter
980 832 1072 908 plenis
1094 838 1303 891 ‹uiricmsantes
1330 827 1442 908 poculis

135 937 298 1014 succisque
321 937 397 996 vires
419 936 659 1004 comminuimus,
683 952 806 1012 corpora
830 933 1022 1001 delassamus,
1047 934 1159 1011 ingenia
1182 933 1341 1011 perdimus.

222 1058 348 1102 essrrs.
387 1039 456 1109 Quae
480 1037 578 1097 audio!
602 1037 652 1097 sed
676 1054 775 1114 perge.

221 1159 383 1200 mssvm‘s.
421 1140 529 1199 Praeter
557 1140 619 1201 lnec
647 1141 675 1199 ln
705 1140 795 1198 nriros
823 1157 900 1214 saepe
928 1137 1065 1214 scopulos
1093 1135 1214 1214 impellit
1241 1138 1505 1201 conscendemus.

158 1243 265 1320 quippe
288 1242 446 1302 multorum
469 1243 615 1300 convictus
639 1242 667 1299 iu
689 1239 753 1299 aula
777 1259 843 1299 cmn
867 1242 917 1308 sit,
944 1241 974 1299 in
996 1239 1116 1317 procliri
1138 1247 1181 1299 est
1203 1258 1317 1300 numum
1341 1258 1438 1300 exeni-

158 1342 238 1419 plum
267 1344 344 1421 quod
373 1362 475 1403 omnes
504 1342 634 1410 tralmut,
669 1342 780 1402 sedita
805 1343 940 1411 tralrunt,
975 1348 1007 1402 ut
1028 1342 1125 1401 adlmc
1147 1340 1267 1400 viderim
1297 1342 1345 1419 qui
1374 1361 1440 1401 cum

125 1443 244 1503 rebonis
267 1452 477 1504 corisuererant
498 1444 634 1505 meliores
656 1463 779 1522 paucos,
814 1444 971 1504 admodum
1000 1442 1108 1503 multos
1129 1461 1182 1520 per
1204 1442 1349 1503 malorum
1371 1462 1440 1502 eou-

157 1545 264 1605 rirtrun
287 1546 447 1606 deteriores
469 1547 569 1606 lactus.
615 1548 677 1607 lloo
708 1547 863 1607 inducente
893 1546 962 1604 llatu
986 1543 1192 1606 adolescentuli
1221 1546 1249 1604 in
1272 1542 1368 1605 aulam
1391 1544 1440 1604 de·

158 1645 208 1707 lati
242 1649 368 1725 prinurm
399 1657 537 1725 pereunt,
573 1649 667 1708 omnis
701 1649 864 1707 innocentia
902 1665 1021 1724 pessum
1059 1647 1093 1715 it,
1128 1647 1238 1706 candor
1270 1647 1440 1715 infuscatur,

159 1749 234 1809 bona
257 1749 370 1810 iruloles
392 1751 598 1827 corrumpitur.
645 1749 716 1809 Cum
741 1751 816 1809 enirn
845 1756 995 1826 nostrapte
1016 1748 1123 1828 alloqui
1146 1754 1249 1808 natura
1270 1750 1301 1808 iu
1322 1749 1440 1809 retituru

158 1853 285 1911 nitarmu·
308 1870 342 1912 ae
365 1859 466 1929 negata
490 1855 653 1929 cupiamus,
683 1869 769 1930 optram
794 1849 877 1910 lacile
900 1851 927 1909 in
951 1849 1015 1909 aula
1039 1852 1168 1910 imenire
1192 1857 1234 1910 est
1257 1869 1315 1929 ipro
1345 1851 1441 1912 lalrcm

125 1954 381 2022 crossetanus,
405 1954 452 2014 alii
474 1954 503 2013 in
526 1953 647 2030 gulones
669 1961 698 2013 et
719 1961 839 2030 potores
861 1953 1037 2020 inridentes,
1065 1952 1111 2012 alli
1140 1953 1168 2011 in
1191 1953 1348 2022 aleatores,
1378 1953 1441 2031 qni-

157 2055 224 2115 dam
247 2055 276 2115 in
298 2064 489 2124 scortatores,
524 2054 639 2132 plurimi
661 2056 769 2132 passim
793 2055 820 2112 lu
843 2061 1039 2113 assentatores
1060 2072 1094 2113 ao
1124 2057 1229 2114 simeas
1258 2053 1367 2114 aulicas
1389 2057 1441 2115 im·

159 2157 323 2233 pingentes.
362 2176 487 2236 qnorum
511 2158 538 2217 in
563 2157 658 2217 modio
681 2175 745 2234 quae
769 2163 828 2214 tuta
853 2156 991 2233 prolritas,
1015 2175 1079 2234 quae
1101 2157 1170 2217 sat-is
1193 2156 1243 2216 tibi
1266 2158 1376 2218 munita
1399 2159 1442 2220 iu·

158 2260 277 2334 tegritas
299 2260 431 2320 ridetur?

222 2379 346 2420 enerve.
385 2361 453 2421 llilri
476 2362 593 2438 quidem
616 2360 728 2420 ridetur
751 2360 812 2436 ipsa
841 2359 936 2420 Pallas
965 2361 1019 2420 liae
1047 2363 1232 2422 assuetudine
1256 2370 1441 2423 contractura

122 2460 280 2531 ronralum,
302 2461 353 2521 tali
376 2464 509 2540 contagio
531 2471 589 2522 tum
617 2463 756 2541 pestifero
785 2463 937 2522 inficiente.
976 2465 1018 2524 Ac
1046 2465 1152 2524 misere
1181 2464 1365 2542 decipiuntur
1393 2467 1442 2544 qui

157 2581 265 2641 prreros
287 2565 316 2623 in
339 2564 434 2625 aulam
458 2566 633 2625 erudiendos
655 2566 788 2634 mittunt,
823 2584 889 2624 oum
918 2565 985 2625 inde
1017 2566 1040 2624 rl
1065 2573 1093 2625 et
1115 2565 1247 2626 violentia
1272 2567 1442 2628 extrahendi

157 2666 253 2742 potius
275 2674 379 2726 essent.

220 2788 382 2830 ursnvm's.
422 2769 458 2829 tt
480 2787 591 2828 narras.
629 2786 730 2828 rerum
755 2779 867 2847 egestas
890 2789 976 2849 qrram
1000 2770 1058 2829 disi
1080 2788 1148 2829 suas
1170 2778 1198 2830 et
1220 2773 1280 2849 ipsa
1304 2772 1358 2832 sliri
1374 2784 1508 2851 par-tlt.

157 2878 201 2927 tes
223 2871 370 2938 vendicat,
399 2872 595 2930 necessarium
619 2869 727 2930 malum
751 2880 779 2931 et
801 2873 879 2950 qrrcul
902 2873 1010 2949 optimo
1032 2873 1191 2932 institutam
1224 2874 1351 2935 indolem
1375 2893 1440 2952 per·

122 2974 259 3040 revertit,
283 2992 336 3033 nec
359 2973 414 3032 silri
437 2981 570 3032 constare
592 2973 674 3040 sinit,
698 2974 775 3051 qrrod
801 2975 896 3033 omnia
921 2974 1028 3033 venalia
1053 2973 1139 3034 lralret
1162 2982 1190 3034 ct
1218 2976 1288 3036 nilril
1311 2995 1368 3036 non
1390 2995 1441 3055 pe-

158 3075 250 3133 cuniae
272 3075 368 3134 studio
392 3075 459 3134 l‘acit
481 3094 514 3134 ae
536 3077 653 3151 patitur.
698 3077 760 3136 lnce
783 3076 948 3154 proditores
971 3077 1062 3154 gignit
1076 3097 1109 3136 ac
1125 3077 1215 3137 relius
1230 3097 1345 3157 semper
1360 3079 1442 3139 noris

157 3174 268 3235 studet:
292 3177 371 3236 rides
395 3179 486 3246 euim,
510 3184 541 3236 ut
563 3196 638 3255 opus
661 3181 697 3237 sit
719 3177 872 3254 egentilrus
895 3177 949 3237 illis
971 3179 1048 3256 quod
1065 3180 1235 3258 prodigaut,
1259 3181 1440 3259 quandoqui-

158 3278 223 3337 dem
247 3287 276 3337 et
297 3280 367 3357 ipsis
389 3298 543 3340 commune
566 3287 699 3339 osteum
722 3278 784 3338 aliis
806 3278 906 3337 luxum
930 3279 1042 3348 colere;
1077 3282 1173 3359 itaque
1197 3283 1351 3343 irrideunde
1366 3281 1440 3361 'pos-

157 3386 238 3449 snut,
273 3383 446 3450 corradunt,
479 3400 532 3459 per
562 3382 634 3460 plras
662 3400 695 3441 ao
718 3381 799 3440 nclas
827 3387 1001 3459 (praesentes.
1040 3388 1120 3442 certe
1143 3386 1236 3453 euim,
1270 3392 1301 3445 ut
1323 3385 1370 3445 ille
1392 3386 1440 3455 alt,

122 3481 220 3540 rorico
243 3484 381 3544 esurienti
404 3503 523 3544 necesse
546 3492 589 3542 est
612 3486 711 3543 lucari.

221 3604 347 3645 casrrs.
385 3586 459 3656 Quid
482 3595 512 3647 tu
522 3589 532 3646 ¹?
555 3586 619 3644 illos
642 3604 787 3664 pauperes
810 3583 970 3644 deteriores
994 3592 1078 3661 putas
1100 3585 1144 3646 liis
1167 3587 1216 3666 qui
1239 3607 1272 3648 ex
1302 3608 1441 3652 crumena

157 3693 188 3744 ut
211 3686 303 3745 lert-nr
325 3690 458 3765 generosi
481 3693 565 3748 sunt?

157 3839 342 3848 —-—-—.--.

225 3923 363 3975 ¹strenne
377 3931 402 3976 2.
415 3931 466 3977 ulii.
531 3929 634 3978 ⁶.Scd
647 3930 682 3978 H.
747 3927 1136 3991 ⁷Consuetudo.iuumrp.5.
1195 3926 1215 3959 ¹²
1232 3930 1377 3993 pessimum
1398 3934 1440 3980 1³.

158 4008 178 4040 ¹³
197 4017 338 4075 nostrapte
358 4012 461 4076 alioqui
481 4021 579 4063 nutnre
593 4016 627 4063 ΙΙ.
647 4020 678 4062 ut
696 4012 804 4077 quidam
825 4013 877 4074 eit,
898 4014 956 4062 edd.
1011 4010 1030 4044 ¹¹
1049 4029 1156 4078 semper
1167 4021 1226 4063 aute
1239 4017 1358 4064 nitamur
1376 4017 1442 4064 tinea

156 4096 275 4144 trudrretu
288 4098 336 4146 del.
350 4098 385 4147 ΙΙ.
406 4099 543 4158 „Nitimur
562 4101 588 4148 iu
608 4100 722 4148 vetitum
736 4112 843 4161 semper
856 4098 1032 4161 cupimusque
1052 4103 1180 4161 negotist
1206 4099 1275 4150 Oer'd.
1289 4101 1376 4148 Arnon
1390 4101 1441 4150 Ill.

156 4182 222 4239 «tlt.
276 4197 356 4245 qnam
376 4182 508 4232 lneilell.
529 4185 636 4233 nbmule
655 4186 713 4233 emt.
773 4182 793 4213 ¹⁰
806 4182 901 4230 simias
913 4185 1035 4233 9.10.13.
1094 4182 1260 4249 ”Egestum
1280 4187 1439 4249 inrumps.

156 4264 209 4298 ²³²¹
227 4272 321 4331 partes
344 4267 398 4316 sibi
420 4270 609 4319 σαώσαι-ηπ.
674 4267 696 4299 ²⁴
716 4275 743 4317 et
767 4268 885 4332 quodll.
906 4282 966 4331 qum
984 4271 1042 4317 edil.
1111 4267 1133 4300 ¹⁵
1156 4270 1273 4334 quodll.
1294 4271 1361 4332 Qute
1379 4273 1438 4321 edd.

155 4350 358 4406 ²²enimvt5,
378 4355 461 4412 enlm,
482 4355 565 4402 utll.
617 4351 638 4384 ²⁹
657 4354 726 4418 plms
746 4369 778 4402 oe
798 4353 877 4402 nefas
895 4356 969 4402 etiem
982 4358 1005 4402 5.
1021 4370 1066 4402 uec
1083 4371 1151 4403 corr.
1165 4357 1200 4405 ΙΙ.
1237 4358 1441 4419 quaerentesll.

156 4442 283 4502 qnoerrmt
294 4438 353 4485 edd.
399 4436 422 4468 ³⁰
439 4429 526 4501 'tlvdpl
541 4436 672 4487 πεινῶντι
685 4432 815 4488 κλέπτειν
829 4427 882 4486 ἔστ’
893 4428 1057 4502 α’ναγκαίως
1070 4433 1143 4504 ἔχον.
1163 4441 1229 4490 Vite
1243 4442 1374 4490 esurienti
1393 4457 1442 4491 ne·

157 4539 235 4572 cesse
255 4529 298 4572 est
318 4522 419 4571 iuraui*
440 4513 485 4572 leri
504 4522 559 4572 τῶν
578 4515 606 4584 ἐξ
624 4513 753 4588 ἀνάγκης
772 4540 796 4572 τι
816 4516 982 4590 ποιοᾷντων.
1002 4525 1105 4574 lllneur.
1120 4526 1155 4574 11.
1173 4525 1211 4577 lt.
1280 4525 1298 4557 ³¹
1319 4526 1385 4576 lllos
1403 4529 1439 4576 ΙΙ.

156 4608 282 4657 (lrreeum
301 4607 483 4672 proverbium,
502 4611 634 4672 γενναῖος
653 4601 680 4658 sl
698 4599 728 4658 lu
747 4607 933 4674 βαλλαντίου,
954 4610 986 4658 de
1001 4609 1043 4658 his
1056 4610 1102 4673 qul
1115 4610 1216 4660 divites
1230 4611 1300 4660 facti
1313 4613 1440 4676 generosi

155 4694 215 4742 nuti
229 4692 317 4742 rideri
330 4691 434 4741 volunt.
470 4693 635 4758 Diogeniun.
650 4693 695 4741 lv,
710 4691 735 4740 tt.
