3382 5370
269 317 339 390 362
443 334 477 384 Χ.
546 348 839 384 uonrronsscvnnvs.
909 346 1046 382 munoovs
1066 345 1249 381 nvrrrmcvs.
1270 329 1355 396 (tstn.)

330 522 528 566 onnucrscvs.
566 502 610 562 Tu
634 521 690 561 uon
715 501 937 576 nunciatus,
961 519 1015 579 ego
1039 518 1125 561 cruam
1147 519 1290 580 propono,

330 624 480 667 nomnen.
518 603 610 674 Quam
633 603 728 664 illam‘t

266 723 344 759 utem
366 702 376 792 Ι
438 725 636 769 rnnumsovs.
673 705 710 766 Ut
732 706 761 764 in
785 705 933 765 oscitantia
956 704 1003 765 ille
1019 706 1073 765 hao
1089 705 1227 783 deceptus
1242 705 1392 783 resipiscat
1407 712 1435 765 ot
1449 706 1546 765 missis

265 810 390 887 pessime
412 808 544 869 animatis
566 807 795 876 consultoribus,
824 826 859 867 ae
886 806 1009 867 amicitia
1037 825 1102 886 quae
1124 825 1190 867 cum
1213 807 1468 885 pseudoepiscopis
1490 808 1545 884 ipsi

265 911 416 971 intercedit
448 910 571 987 aluupta
606 909 794 971 fortissimum
824 927 969 988 quemque
1001 927 1036 969 ac
1072 909 1179 986 optimc
1216 909 1365 970 cordatum
1402 909 1565 969 arlsciscats

264 1011 335 1082 sihi,
364 1020 395 1073 ut
424 1011 546 1089 stipatus
568 1019 682 1071 caterva
704 1010 849 1071 bonorum
872 1012 948 1071 cire-a
971 1029 1003 1071 se
1025 1012 1153 1071 virorum
1176 1010 1326 1071 consilium
1349 1012 1426 1071 ineat
1448 1011 1544 1071 detra·

265 1114 354 1175 hendi
375 1115 421 1174 nis
442 1114 560 1174 nimiam
581 1113 755 1194 potentiam,
785 1120 814 1173 ct
842 1111 946 1173 abolita
969 1113 1173 1190 superstitione
1194 1131 1292 1174 veram
1321 1112 1475 1174 inducendi
1497 1131 1544 1172 re-

265 1215 416 1294 ligionem,
438 1215 504 1276 fidei
526 1214 638 1284 lucem,
662 1214 824 1276 Germaniae
846 1206 1008 1276 libertatem
1029 1214 1208 1275 restituendi.

197 1324 254 1376 §.tt
326 1338 474 1380 uomrou.
512 1316 612 1396 Teque
634 1317 766 1377 ministro
789 1323 886 1377 utatur
907 1316 947 1377 ibi
969 1315 1089 1377 multum
1106 1319 1192 1395 apto?

263 1438 375 1476 rutum.
399 1417 406 1505 1
471 1438 668 1481 rnmcmcvs.
706 1419 771 1479 Sive
794 1437 840 1478 me
855 1419 921 1479 ‘sive
943 1436 1147 1497 quemcunque
1170 1419 1305 1479 idoneum
1329 1419 1452 1479 maxime
1474 1433 1578 1497 per-¹⁰

263 1522 407 1600 spexerit,
436 1523 519 1582 cuius
545 1521 634 1582 ductu
657 1538 704 1580 res
726 1527 803 1580 tauta
825 1528 953 1597 geratur.
998 1539 1066 1581 nam
1094 1520 1200 1599 alioqui
1222 1521 1372 1582 decretum
1394 1521 1448 1598 ipsi
1471 1521 1543 1581 mini

264 1630 322 1691 est,
350 1625 373 1682 si
396 1621 467 1682 nolit
488 1623 546 1683 huo
567 1620 615 1683 ille
637 1624 766 1703 animum
787 1622 954 1692 advertere,
985 1641 1080 1700 neque
1102 1640 1170 1700 spos
1191 1624 1248 1683 iam
1271 1621 1345 1683 ultra
1368 1623 1405 1682 sit
1426 1622 1489 1683 lore
1511 1630 1544 1683 nt

264 1726 354 1804 ipsius
369 1725 503 1803 auspiciis
525 1725 671 1785 communi
695 1725 795 1804 patriae
818 1722 1002 1795 consulatur,
1026 1725 1134 1784 audere
1157 1723 1264 1803 aliquid
1289 1743 1354 1785 meo
1378 1743 1442 1785 cum
1465 1727 1542 1803 peri-

264 1824 346 1895 culo,
376 1833 523 1904 utcunque
546 1826 628 1887 cedat
650 1826 707 1886 hoc
729 1827 825 1887 etiam.

196 1930 255 1981 §.on
326 1948 474 1989 unumne.
512 1928 574 2000 Oua
602 1930 630 1988 in
659 1947 691 1988 re
713 1930 888 1989 monitorem
910 1928 1000 1989 habes
1022 1946 1119 1988 acrem
1143 1934 1171 1988 ct
1193 1928 1408 1999 uehementem,
1438 1929 1577 1990 Hune-¹⁵

264 2048 362 2086 ueneno.
389 2025 397 2114 Ι
420 2047 488 2090 num
511 2029 613 2098 istum,
636 2031 833 2109 impatientem
856 2031 963 2108 omnis,
987 2037 1019 2090 ut
1040 2030 1138 2098 video,
1162 2049 1267 2101 mono,
1290 2051 1324 2092 ac
1346 2050 1462 2092 omnem
1485 2033 1541 2092 iam

263 2129 404 2210 lapidem,
428 2138 460 2191 nt
480 2130 590 2192 malum
612 2131 784 2193 concilietur
806 2132 881 2200 istis,
906 2140 1096 2193 omorentem.

324 2253 522 2296 rnnncrscvs.
560 2233 596 2293 Et
618 2233 741 2295 libenter
763 2241 844 2294 utor:
867 2251 934 2293 nam
957 2241 985 2294 et
1007 2235 1061 2312 ipsi
1076 2235 1194 2312 spiritus
1210 2242 1254 2296 est
1269 2235 1336 2296 lmic
1351 2236 1394 2295 rei
1409 2236 1540 2296 idonens.

325 2355 473 2396 uomrnn.
511 2334 603 2405 (litem
633 2335 672 2396 illi
699 2342 794 2396 servet
822 2335 968 2405 Christus,
1004 2345 1089 2415 teqnc
1118 2338 1270 2398 crorriirmct
1297 2339 1404 2415 optima
1433 2356 1540 2397 conan-

263 2444 320 2499 tem
343 2457 377 2497 ac
399 2455 512 2498 summe
535 2438 707 2498 necessaria.
1550 2446 1576 2486 ²⁰

194 2547 254 2596 tot.
326 2558 523 2600 rnnnorscvs.
562 2539 596 2598 Et
624 2545 652 2600 te
680 2547 775 2599 sorvct
803 2537 905 2599 molins
927 2540 1093 2617 opinantem
1114 2541 1170 2600 iam
1193 2560 1227 2600 ac
1248 2542 1356 2602 rectius
1376 2549 1541 2602 monentem

262 2659 348 2720 quam
372 2659 438 2701 oum
460 2640 642 2701 aclrcuicbas.

324 2763 473 2804 uomron.
510 2743 604 2814 Quam
625 2742 677 2803 tibi
698 2731 819 2820 gratiam
842 2742 950 2811 habco,
974 2761 1031 2821 quo
1054 2743 1206 2804 errnlicnto
1228 2742 1331 2804 molior
1352 2763 1417 2804 sum
1439 2746 1540 2805 lactus.

261 2842 338 2905 Vale.

324 2964 522 3007 rnanmscvs.
560 2944 596 3004 m
617 2952 647 3007 tu
672 2944 804 3006 feliciter
826 2945 897 3006 vale.

260 3099 461 3111 ————-

329 3181 350 3216 ¹⁰
368 3198 521 3248 quenounq;
542 3187 564 3234 1.
617 3181 976 3246 ¹¹·roct.1‘raeu0n.§.17.
1030 3181 1050 3215 ¹⁴
1069 3184 1150 3234 cedet
1162 3188 1187 3234 2.
1239 3185 1259 3216 ¹³
1272 3178 1374 3236 Πάντα
1393 3185 1478 3237 λίθον
1496 3187 1538 3236 κί·

262 3282 331 3320 νειν.
350 3268 453 3320 Zouob.
467 3269 498 3319 V.
512 3266 554 3319 63.
569 3285 593 3318 c.
607 3269 725 3336 interpp.
