3382 5370
363 955 451 1004 Huius
469 953 573 1019 dialogi
593 952 717 1018 exempla
736 953 953 1002 enumeravimus
972 953 1000 1001 in
1013 952 1108 1002 Indice
1126 951 1253 1016 bibliogr.
1267 967 1293 999 n.
1307 951 1433 1001 XLVIII.
1453 951 1530 1012 Qirod
1544 950 1579 1000 ab

297 1040 356 1105 ipso
376 1044 498 1101 auctore,
518 1039 563 1103 qui
582 1038 610 1086 in
629 1039 806 1103 conponendo
824 1038 876 1087 boc
895 1037 1005 1101 dialogo
1024 1037 1047 1086 si
1065 1052 1118 1086 non
1137 1036 1191 1085 iam
1211 1052 1282 1085 auno
1302 1035 1374 1085 1517.
1396 1051 1454 1085 cum
1478 1038 1580 1086 cratio-

296 1141 358 1174 uem
383 1124 494 1173 tertiam
517 1123 545 1171 iu
569 1124 663 1173 ducem
683 1124 955 1188 Wirtenpergensem
977 1122 1107 1171 Bonouioe
1132 1120 1264 1170 scriberet
1288 1121 1296 1183 t
1316 1121 1335 1170 f.
1361 1122 1419 1171 eius
1438 1120 1581 1169 Orationis

296 1211 319 1270 §-
335 1208 396 1270 ta),
417 1213 492 1258 certe
511 1224 536 1258 a.
552 1207 624 1257 1520.
644 1224 754 1272 operam
773 1223 849 1257 suam
875 1206 1069 1256 conlocauerat
1092 1205 1173 1270 (quod
1196 1206 1296 1255 docent
1319 1206 1443 1271 epletulre
1468 1205 1502 1254 ad
1520 1205 1580 1254 Fri·

297 1293 419 1343 dericmn
438 1293 573 1344 Saxonum
592 1294 686 1342 ducem
705 1293 730 1342 d.
747 1292 784 1342 ll.
800 1293 874 1358 Sept.
889 1308 914 1342 a.
931 1290 1003 1341 1520.
1017 1291 1129 1355 seriptoe
1147 1292 1187 1351 §5-
1204 1290 1241 1339 lu.
1256 1291 1336 1356 sqq).
1356 1291 1443 1341 editus
1462 1297 1580 1351 nonest,

298 1395 359 1428 eam
378 1394 490 1428 causam
508 1378 638 1427 babuisse
657 1385 734 1443 puto,
759 1379 830 1444 quod
848 1377 1024 1428 adumbratus
1043 1381 1168 1434 tantum,
1188 1392 1241 1425 ucu
1264 1376 1403 1441 perfectus
1428 1382 1509 1440 utque
1534 1391 1580 1426 ex·

297 1463 398 1529 politus
417 1470 491 1514 esset
509 1463 590 1515 libcr.
612 1479 672 1512 cum
692 1464 758 1514 latis
776 1465 834 1512 suis
853 1462 984 1513 cederent
1002 1461 1084 1510 amici
1096 1461 1245 1526 Sickiugus
1265 1468 1292 1511 ct
1304 1463 1450 1511 lluttenus.

636 1563 704 1597 riuus
722 1549 768 1599 bic
788 1554 830 1598 cst
848 1563 927 1612 quem
946 1545 1068 1596 condidit
1086 1547 1145 1611 ipse
1164 1545 1281 1608 libellus,

600 1633 654 1682 Sed
672 1649 724 1683 non
744 1633 876 1698 auspiciis
895 1630 980 1681 edidit
999 1632 1058 1696 ipse
1077 1632 1147 1680 suis:

566 1734 682 1783 namque
702 1719 848 1768 immatura
865 1721 1018 1783 prereptus
1037 1723 1123 1765 morte
1143 1715 1254 1780 reliquit

599 1803 670 1852 bunc
689 1819 794 1869 quoque
813 1817 864 1853 ceu
882 1804 987 1867 partem
1007 1801 1111 1851 itineris
1130 1816 1190 1850 esse
1208 1801 1261 1850 sui.

566 1888 695 1938 Condidit
713 1889 864 1948 Huttenus,
884 1902 937 1936 urm
956 1886 1056 1936 edidit:
1076 1902 1141 1951 ergo
1160 1886 1279 1936 futurum

602 1974 672 2038 quod
691 1975 783 2023 suerat
802 1972 899 2022 melius
919 1972 1026 2021 coniicc
1045 1971 1173 2036 quicquid
1194 1977 1261 2021 erat.

365 2058 512 2108 hrdentius
524 2060 718 2108 effervesceret
729 2058 895 2107 llutteuicus
907 2057 1005 2122 patrie
1019 2072 1094 2106 amor
1105 2056 1303 2122 inmortalequc
1316 2073 1367 2122 quc
1379 2059 1405 2107 iu
1418 2058 1510 2108 hostes
1524 2059 1583 2108 lta-

298 2143 365 2192 licos
378 2144 563 2207 Punicumque
583 2159 675 2192 eorum
686 2143 765 2194 fidem
784 2142 921 2208 flagrabat
939 2141 1042 2203 odium,
1062 2144 1086 2191 si
1097 2142 1274 2207 colophonem
1285 2143 1385 2193 addere
1396 2144 1518 2193 Fortuna
1528 2161 1584 2194 non

299 2234 443 2293 negasset:
464 2227 509 2277 hic
528 2228 637 2278 lllrodus
657 2228 768 2285 suisset,
787 2227 833 2277 hic
846 2227 985 2277 saltasset.
1016 2242 1104 2291 neque
1119 2227 1188 2275 euim
1203 2228 1362 2292 prudentem
1375 2228 1504 2279 lectorem
1519 2234 1586 2294 quot

299 2314 423 2378 germina
441 2313 578 2363 lectissimi
596 2313 629 2362 de
649 2312 805 2362 Germaniae
823 2312 953 2361 libertate
971 2312 1139 2361 vindicanda
1161 2312 1338 2377 hostibusque
1360 2314 1470 2380 penitus
1488 2319 1583 2364 eonte-

299 2398 392 2448 rendis
415 2398 519 2464 dialogi
542 2398 587 2447 bic
611 2398 761 2462 adsurgunt
784 2396 892 2446 latebit.
929 2396 1012 2447 Certe
1036 2396 1169 2462 Georgius
1197 2397 1355 2463 Spoletinus
1384 2414 1443 2447 cum
1467 2399 1584 2468 Arminii

299 2482 441 2532 historiam
461 2498 521 2548 quse
540 2499 566 2532 a.
583 2482 653 2532 1535.
668 2483 783 2547 prodiit,
805 2499 837 2532 ex
855 2487 978 2533 veterum
997 2482 1158 2545 scriptorum
1177 2480 1246 2531 loeis
1266 2488 1445 2547 conponeret,
1466 2484 1500 2533 ad
1513 2485 1585 2533 Hut·

300 2569 420 2617 tcuieum
439 2567 577 2633 dialogum
596 2567 631 2616 ab
650 2568 710 2633 ipso
728 2583 783 2617 non
801 2572 978 2617 memoratum
1002 2568 1155 2633 respexisse
1178 2566 1288 2616 videtur
1310 2567 1352 2616 bis
1378 2569 1482 2618 verbis:
1507 2569 1585 2627 „Soli

300 2653 363 2701 caele
380 2652 461 2702 billich
478 2669 576 2703 uaserm
588 2654 688 2717 J'tzipea
706 2653 776 2703 Adel
792 2654 881 2703 oraued
897 2653 989 2717 petrea,
1011 2652 1118 2702 scledem
1140 2652 1264 2701 etrlirdea
1289 2658 1406 2717 excerpe!
1420 2655 1471 2703 rud
1487 2655 1588 2704 ocrbtld

301 2737 376 2793 urach.
405 2737 475 2786 nerlu·
497 2738 625 2802 :usolqem
655 2739 720 2786 clena
743 2744 787 2803 top
808 2739 858 2786 arrd
879 2738 954 2786 nectet
978 2740 1008 2785 ira
1031 2738 1104 2786 tader
1126 2738 1234 2800 :stirpem
1264 2740 1313 2786 arat
1335 2739 1503 2788 uirruuermedr
1525 2739 1586 2788 licia

300 2823 419 2881 :orniam
437 2839 492 2870 mam
513 2819 619 2886 [beina]
637 2824 739 2872 setara.
775 2823 817 2873 Ab
837 2822 1013 2871 adnotatione
1032 2837 1120 2870 rerum
1141 2836 1200 2886 quae
1220 2822 1254 2871 ad
1273 2822 1495 2873 iuterlocutormu
1510 2825 1586 2874 ritas

301 2921 398 2971 resque
418 2914 512 2970 gestas
531 2907 709 2971 pertinerent,
730 2906 834 2970 destiti,
854 2923 888 2955 ne
907 2907 1011 2970 Vellei,
1031 2906 1136 2965 Taciti,
1157 2906 1293 2970 Suetonii,
1314 2908 1409 2966 Curtii,
1429 2908 1584 2974 Plutarchi,

301 2991 416 3041 aliorum
440 2993 542 3041 scriuin
554 2991 689 3041 inutiliter
708 2991 885 3057 conpilarcm.
920 3006 1010 3056 neque
1028 2991 1221 3041 similitudines
1239 2994 1491 3058 cogitationumque
1504 2994 1587 3044 flores

302 3092 368 3140 epiros
387 3092 435 3141 per
453 3091 519 3141 opus
537 3077 683 3143 ingeniose
702 3077 832 3142 dispersit
851 3082 960 3137 auctor,
985 3077 1053 3126 meis
1077 3077 1149 3126 notis
1173 3079 1252 3141 (prasi
1270 3079 1426 3144 discerpere
1451 3078 1587 3128 trrrstilla—

302 3162 404 3225 tiruquc
423 3161 532 3211 differre
550 3161 633 3212 volui.
671 3162 804 3227 llqtridcm
828 3178 881 3211 uon
904 3162 963 3211 sinc
987 3162 1071 3211 animi
1094 3162 1147 3211 mei
1173 3164 1345 3212 conmoticne.
1364 3163 1414 3215 has
1433 3165 1587 3228 ingeniosas

301 3246 370 3296 artis
392 3246 494 3311 primas
518 3246 607 3296 lineas
630 3247 722 3297 mirari
746 3237 868 3312 poss'um,
898 3262 986 3311 neque
1010 3246 1104 3296 dubito
1129 3247 1186 3296 sore
1210 3255 1239 3296 ut
1269 3249 1399 3297 mirentur
1428 3249 1586 3313 ‹prieunque

299 3332 417 3382 IIuttcni
435 3347 529 3383 rerum
548 3332 747 3396 candidumque
767 3333 885 3382 animum
905 3348 938 3382 ca
957 3331 1069 3396 scriptis
1087 3348 1151 3383 verc
1171 3334 1328 3383 Germanici
1353 3333 1459 3382 iuvenis
1484 3350 1587 3398 coguo-

299 3422 406 3467 venmt.
655 3462 657 3467 ,

369 3501 477 3551 Eobani
494 3503 577 3553 Hessi
596 3504 625 3552 in
643 3503 759 3552 liutteui
776 3502 925 3552 Arminium
945 3517 1056 3552 carmen
1074 3500 1243 3551 exhibuimus
1262 3502 1313 3552 rol.
1329 3502 1364 3551 ll.
1384 3521 1409 3567 p.
1422 3502 1479 3552 tau.
1494 3518 1534 3567 sq.
