3382 5370
270 357 342 428 510
701 386 817 420 Dtatbosst
838 385 1103 421 PSEVDOHVTTEMGI.

271 545 315 601 illa
339 545 498 618 laudataque
520 544 704 605 consuetude,
727 560 777 599 uec
800 542 956 600 oblocutuin
979 543 1041 600 huic
1064 543 1136 599 enini
1152 560 1207 599 aero
1224 543 1366 617 quiequam
1384 544 1433 599 uisi
1451 543 1547 599 fraude

270 631 464 687 interveniente
486 629 552 684 adeo
576 629 615 684 uti
638 645 687 684 nec
708 629 776 702 aequi
799 646 848 684 nec
871 628 935 684 leoni
959 628 994 684 ibi
1017 628 1111 684 umbra
1133 627 1298 704 reperiatur,
1329 637 1359 684 ut
1388 629 1410 683 si
1433 629 1477 684 eni
1500 645 1547 702 pa·

269 715 339 771 renti
368 713 479 770 maxime
508 714 613 787 potenti
641 731 671 769 ac
696 713 772 769 diviti
800 712 909 786 plurimi
938 714 1098 787 contingant
1126 712 1218 775 liberi,
1249 731 1282 768 ne
1304 713 1472 788 principatus
1495 712 1546 787 ipsi

269 800 440 873 ditionesque
468 816 497 854 ac
527 798 688 872 patriumnia
720 799 745 853 in
773 797 903 871 plurimas
931 798 1131 871 minutulasqnc
1157 806 1248 871 partes
1274 796 1449 860 dirimantur,
1480 815 1546 853 neve

270 885 368 941 iratres
390 891 489 957 cogant
511 882 609 939 iratres
631 883 662 938 ad
686 883 803 956 inopiam
826 892 854 938 et
875 891 1037 957 egestatem,
1061 900 1094 939 ne
1116 883 1235 938 inanimae
1258 882 1334 945 lites,
1358 884 1482 956 ingentes
1504 898 1568 938 sie-a

269 970 385 1026 ditiones
408 967 595 1042 horrendaque
617 968 773 1023 exoriantur
793 967 877 1030 bella,
908 968 954 1024 dlii
981 969 1097 1024 maiores
1126 976 1191 1024 natu
1220 977 1322 1024 sortem
1349 970 1434 1023 totius
1457 967 1548 1023 solent

269 1055 390 1128 accipere
413 1053 583 1126 patrimonii,
605 1069 660 1126 quo
683 1053 734 1126 ipsi
757 1052 878 1108 sobolem
902 1061 1053 1127 susceptam
1077 1069 1191 1109 essese
1214 1061 1241 1108 et
1263 1053 1402 1110 commode
1418 1061 1444 1108 et
1460 1052 1547 1108 libere

270 1149 298 1196 et
312 1140 426 1195 honeste
442 1139 555 1193 educare
578 1137 697 1211 possint,
721 1138 860 1211 ipsamque
883 1146 1035 1194 sustentare
1057 1137 1186 1211 stirpem:
1209 1137 1241 1192 ad
1264 1136 1384 1211 reliquos
1407 1154 1469 1193 aero
1486 1155 1547 1192 sus·

271 1223 413 1280 tentandos
435 1230 509 1279 ecrta
531 1240 562 1278 en
583 1239 643 1278 asse
665 1222 843 1278 constituitur
864 1223 991 1296 pecunia,
1024 1240 1056 1278 ne
1085 1231 1113 1277 et
1136 1222 1185 1296 ipsi
1209 1232 1333 1298 expertes
1357 1222 1434 1278 bonis
1456 1230 1547 1297 pater·

203 1309 319 1364 samnis
340 1308 480 1383 prirentur
502 1307 673 1382 patrimonio.
716 1310 804 1381 Atque
827 1308 893 1364 adeo
915 1308 1008 1369 ctiam,
1037 1325 1090 1382 qno
1114 1315 1140 1362 ct
1167 1308 1268 1363 ilisitiis
1297 1316 1324 1364 et
1346 1308 1443 1363 bonori
1466 1318 1580 1381 aper-to

271 1402 314 1450 tns
336 1393 372 1449 sit
394 1392 485 1454 locus,
513 1393 643 1448 maiorum
672 1390 849 1448 solertissima
878 1394 1057 1466 providentia,
1086 1409 1117 1448 ac
1144 1392 1170 1447 iu
1199 1392 1277 1448 ileum
1306 1393 1385 1449 etiam
1415 1392 1547 1466 optimum

270 1481 410 1535 maximnm
433 1478 550 1551 pietate,
579 1485 668 1533 erecta
696 1485 759 1532 snut
782 1479 882 1551 optima
910 1478 1075 1538 sacerdotia,
1104 1478 1258 1533 constitutae
1286 1477 1438 1551 prelaturas
1468 1475 1547 1550 (quas

271 1572 435 1620 tamennon
459 1563 494 1618 ita
524 1563 703 1635 proriperent
730 1561 767 1616 illi
799 1561 877 1618 uobis
900 1562 1099 1618 llbomanenses
1129 1561 1343 1622 sceleratissimi.
1371 1564 1394 1618 si
1424 1561 1547 1618 Germani

270 1666 320 1705 nos
342 1648 422 1704 corda
445 1646 543 1702 babere
566 1647 759 1720 inciperemus,
782 1647 804 1701 si
828 1647 853 1701 id
876 1664 925 1702 nos
948 1665 1107 1703 conaremur
1129 1647 1201 1720 ‹piiod
1224 1647 1372 1703 Alexander
1394 1646 1439 1703 ille
1455 1654 1547 1702 sextus

272 1734 322 1789 iam
345 1741 401 1788 tum
423 1731 544 1787 redeunti
568 1730 737 1787 ebermania
760 1733 929 1805 purpurabat
944 1732 1113 1806 llaymnndo:
1137 1731 1209 1805 qnod
1231 1731 1314 1788 lulius
1336 1733 1432 1787 deinde
1447 1748 1544 1787 secun·
1557 1743 1581 1782 aa

270 1819 334 1878 iius.
358 1817 436 1891 plane
458 1824 486 1872 et
500 1815 596 1871 lulium
618 1824 645 1870 et
660 1815 791 1872 lulianum
813 1834 910 1889 agens,
932 1817 1108 1877 Bernardiuo.
1133 1816 1184 1871 boc
1207 1818 1285 1872 ctiam
1308 1817 1417 1871 nornine
1435 1833 1487 1871 nos
1501 1816 1548 1870 de·

271 1902 419 1977 spoliante,
444 1899 605 1956 intentabat:
636 1902 783 1974 quiquam
807 1902 861 1956 siut
883 1903 999 1975 accepti.
1029 1902 1127 1957 nemini
1151 1919 1204 1956 nitu
1227 1901 1359 1974 antistat),
1382 1902 1478 1957 eximie
1499 1900 1549 1955 tlt)-

274 1988 320 2042 tati
337 1988 416 2042 ctiam
438 1987 624 2060 episcopatus:
648 2003 707 2059 alnae
730 2004 790 2042 cnm
812 1987 1005 2059 adipiscuntur.
1029 1986 1134 2059 relique
1157 1985 1246 2041 solent
1269 1988 1325 2042 suis
1347 1986 1441 2042 cedere
1465 1986 1549 2059 patri·

204 2072 385 2128 anemone:
416 2071 483 2126 idem
507 2078 534 2127 et
562 2071 594 2125 de
622 2070 739 2126 laminis
761 2071 915 2144 puellisque
938 2072 994 2127 lieri
1018 2071 1156 2126 consuevit
1177 2071 1391 2144 ingredientibus
1414 2079 1549 2125 monaste·

271 2158 318 2213 ria.
363 2156 416 2211 lam
439 2173 501 2211 rere
524 2173 584 2210 cnm
607 2157 725 2211 avaritiae
748 2157 814 2211 satis
836 2175 895 2212 esse
917 2157 1051 2218 riileatur,
1081 2155 1146 2210 nibil
1175 2155 1321 2228 (blotiaebis
1343 2157 1453 2211 manime
1475 2154 1584 2210 Non-en

271 2242 366 2315 nisque
389 2239 532 2314 agentibus
554 2240 594 2301 id,
624 2258 740 2314 quorum
763 2240 950 2314 inexplebilem
974 2242 1095 2315 ‹parotidic
1118 2241 1254 2296 :tuirritinm
1277 2241 1421 2312 cernimus)
1449 2240 1549 2295 iratres

271 2334 366 2383 contra
388 2326 486 2381 fratres
508 2326 539 2380 ad
562 2326 733 2399 repetendam
756 2326 910 2399 patrimonii
933 2325 1038 2400 plenam
1061 2336 1177 2387 sortem,
1209 2325 1280 2381 relnt
1307 2327 1440 2381 actionem
1471 2341 1550 2398 repc-

273 2411 430 2479 tnndarum‚
459 2410 601 2465 biennalis
623 2410 654 2465 ad
677 2428 727 2465 uos
756 2411 849 2466 tinibus
876 2413 974 2467 missus
1002 2411 1105 2467 Satanan
1136 2409 1241 2483 legatus
1269 2410 1431 2466 concitabit?
1461 2408 1549 2464 bellu·

215 2540 217 2544 Α
272 2514 332 2552 rum
354 2495 564 2552 saevissimorum
587 2495 765 2569 «nullorumque
787 2495 1052 2558 crmlelissimorum,
1081 2497 1208 2551 inertium
1235 2495 1351 2569 denique
1373 2504 1400 2551 et
1423 2494 1552 2568 turpissi-

273 2599 375 2637 marum
397 2589 424 2636 et
446 2581 656 2636 miserrimarum
685 2580 727 2635 bic
756 2580 833 2635 nobis
862 2581 1009 2654 lmpcrator
1032 2582 1175 2636 Tartareus
1203 2580 1341 2637 buccinum
1370 2596 1419 2635 ceu
1448 2590 1587 2654 pugnaees

205 2667 387 2738 §.nnsiguum
410 2665 555 2740 piraecitietl
578 2664 704 2738 llispicite
726 2665 784 2732 bic,
816 2684 832 2719 u
856 2665 995 2727 Geriiiaui,
1024 2667 1074 2721 iarn
1102 2667 1207 2721 dentium
1232 2673 1322 2740 aperta
1346 2664 1420 2726 luco,
1450 2664 1551 2739 quibus

273 2752 323 2806 iam
347 2751 451 2805 tandem
475 2767 505 2805 ac
527 2767 587 2805 sero
610 2767 695 2824 prope
718 2749 857 2805 cerebrum
880 2751 985 2823 vigere,
1009 2751 1080 2823 quod
1104 2750 1207 2807 nullum
1229 2751 1341 2806 antebac
1356 2750 1419 2809 luit.
1445 2749 1550 2823 incipit.

273 2836 358 2891 liuene
381 2834 522 2908 apostolici
554 2833 648 2907 legati,
678 2835 764 2890 orentii
788 2836 875 2909 praeis,
905 2834 992 2908 augeli
1017 2834 1097 2896 lucis,
1128 2855 1157 2892 ac
1180 2852 1231 2890 nou
1256 2837 1348 2909 potius
1370 2834 1479 2909 pessimi
1504 2851 1552 2888 ue·

272 2919 390 2981 bolonis,
414 2919 561 2975 turlndoris
584 2920 698 2993 quietis,
722 2918 784 2975 titali
806 2920 935 2975 «Immonis
958 2937 989 2975 ac
1012 2921 1137 2976 omnibns
1160 2920 1194 2975 ob
1211 2921 1345 2975 avaritiam
1361 2919 1489 2975 concitati
1508 2918 1551 2974 lu-

272 3005 321 3060 riis
343 3006 379 3061 sit
401 3003 532 3060 officium:
555 3005 772 3078 expergiscimini
794 3004 880 3060 adlntc
901 3013 928 3060 et
951 3008 1084 3079 capescitc
1107 3004 1313 3079 rempublicam!
1560 3012 1587 3053 ³⁰

336 3090 494 3163 Legatos.
530 3090 597 3156 (lind
620 3090 655 3144 ita
678 3089 809 3146 moveris?

205 3182 274 3232 etta.
337 3174 434 3230 Puer.
471 3174 544 3230 ddeo
567 3191 622 3229 uon
643 3173 732 3248 placet
754 3174 818 3230 mibi
835 3175 871 3237 id,
895 3175 1060 3231 Germaniam
1077 3177 1219 3249 genuinam
1235 3193 1308 3231 snam
1323 3176 1446 3229 andttere
1462 3173 1550 3235 bilem.

272 3266 361 3314 vetera
384 3278 448 3321 sna,
479 3267 504 3315 te
527 3269 638 3320 autore,
670 3260 808 3316 instituta:
832 3277 912 3334 (quiam
934 3259 1027 3316 vellem
1050 3277 1106 3316 uon
1128 3260 1233 3317 audisse
1256 3260 1314 3315 bac
1335 3277 1386 3315 me.

335 3344 460 3400 Heuno.
497 3343 582 3399 Erunt
605 3345 674 3399 lorte
698 3344 743 3419 qui
767 3351 794 3399 et
816 3345 873 3400 baec
894 3352 1003 3419 petent,
1035 3346 1187 3419 quilmsqne
1215 3346 1275 3400 iisui
1304 3362 1333 3400 ea
1356 3352 1436 3400 eruut
1458 3343 1553 3400 alano·

271 3430 349 3490 iliam,
373 3429 423 3484 bos
445 3430 499 3484 bue
520 3429 610 3484 venire
635 3428 731 3485 iubebo
756 3437 851 3485 lairico.
1559 3439 1587 3477 3⁵

335 3515 433 3570 Puer.
470 3513 551 3570 Nemo
574 3514 776 3575 bonus,·ncmo
799 3515 976 3571 Christianus.

206 3604 272 3654 §.tta
336 3599 492 3672 laegatus.
529 3600 556 3653 st
580 3607 667 3654 tartrcn
689 3599 781 3674 aliqui.
825 3601 888 3657 llala
910 3609 951 3656 est
973 3599 1037 3655 inibi
1060 3601 1139 3655 elimo
1162 3608 1283 3675 potestas
1305 3598 1411 3655 creetnli
1435 3598 1551 3672 protlio·

273 3685 396 3740 notarios
418 3684 584 3758 apostolicos
606 3692 634 3739 et
658 3683 797 3758 acidytbos
820 3703 905 3759 papae.

336 3768 462 3825 llenno.
486 3768 582 3836 Quales
606 3769 631 3824 bi
656 3771 736 3825 sont?

335 3854 433 3908 Puer.
471 3854 533 3909 Siue
554 3853 637 3909 dubio
660 3853 721 3909 mali
744 3856 817 3910 corvi
840 3854 907 3910 mala
931 3872 987 3910 ova.
1560 3863 1589 3904 ⁴⁰

335 3938 463 4011 Legatu
472 3957 493 3994 s.
531 3938 561 3993 lli
584 3947 648 3993 sinn
671 3940 715 4011 qm
740 3940 825 4013 nigris
847 3940 947 4013 galeris
971 3940 1090 4013 insignes
1113 3939 1194 3995 nullis
1218 3939 1352 4013 episeopis
1368 3947 1552 4014 praeterquam

272 4104 472 4113 *αν-Μ

337 4203 441 4256 ²bonii
461 4209 483 4255 t.
537 4205 558 4239 ¹²
576 4206 685 4271 opima?
738 4205 758 4238 ¹³
777 4224 791 4256 c
810 4208 907 4257 udiltdi.
959 4207 1134 4271 Raymnndns
1152 4207 1270 4257 Peranld
1289 4223 1314 4256 a.
1330 4205 1402 4256 latta.
1422 4207 1552 4257 cardina·

272 4290 306 4342 lis
326 4292 484 4355 (luccensis,
503 4292 521 4354 †
541 4290 613 4341 1505.
632 4291 665 4354 cf.
682 4293 797 4341 Cloccon.
815 4294 878 4342 l'a'tt.
888 4293 991 4357 pontias.
1005 4293 1055 4341 III.
1070 4309 1095 4357 p.
1112 4291 1166 4341 tte.
1178 4308 1216 4357 ap.
1288 4291 1307 4323 ¹⁶
1325 4290 1423 4340 lulium
1443 4291 1551 4350 (Caesa-

271 4377 337 4439 rem)
350 4377 520 4428 etlnlinnum
533 4376 720 4441 (apostatum).
742 4377 879 4441 Cficliolop.
894 4392 997 4427 rvnrvs.
1049 4375 1381 4437 BeruerdinoCarnuoinl,
1397 4377 1463 4424 item
1476 4375 1554 4426 tnta.

272 4462 421 4512 enrdinelis
440 4463 539 4522 fectus,
560 4466 588 4511 ct
606 4460 745 4525 legatione
763 4478 813 4527 per
830 4461 1004 4511 Germaniam
1024 4461 1143 4512 structus.
1161 4463 1196 4525 cs.
1211 4463 1325 4511 Ctaeeon.
1339 4465 1356 4510 t.
1369 4478 1390 4509 r.
1404 4479 1430 4525 p.
1443 4460 1498 4510 170.
1512 4478 1552 4526 sq.

271 4547 397 4598 ¹⁷eidtur
415 4550 438 4597 1.
476 4546 495 4578 ¹⁹
514 4547 584 4595 Item
602 4548 829 4596 edd.etomi's.2.
864 4545 886 4578 ³⁰
905 4549 1042 4612 capessite
1062 4551 1088 4596 3.
1123 4546 1145 4578 ⁸³
1163 4556 1191 4596 to
1211 4553 1305 4596 aritine
1324 4553 1382 4595 orate
1401 4548 1553 4610 gentilicum

270 4649 366 4697 ponere
384 4632 490 4682 debebat
507 4647 580 4696 puer.
617 4631 671 4664 ³⁷³⁸
689 4632 1080 4696 ProtlionotariiApostobciu
1120 4632 1249 4695 dciilptos
1270 4636 1291 4681 1.
1332 4629 1354 4662 ⁴⁰
1372 4630 1475 4680 anslic.
1491 4630 1551 4697 ete]

269 4716 369 4768 nouat
387 4708 508 4781 κόρακος
526 4707 615 4766 κακὸν
632 4706 697 4766 aion
720 4717 811 4765 Zenob.
826 4717 872 4765 lv.
886 4714 927 4766 82.
941 4724 965 4765 et
984 4721 1026 4767 ull.
