3382 5370
591 1120 807 1198 VLRIOHI
835 1121 1072 1198 HVTTENI

663 1261 810 1324 normis
834 1261 998 1311 cunnum

540 1376 1119 1456 MISAVLVS

733 1517 926 1569 DIALOGVS.

166 1744 180 1781 s
496 1721 746 1802 interloqnutores
774 1730 907 1781 CASTVS
931 1728 960 1782 et
981 1728 1169 1779 MISAVLVS.

213 1868 217 1873 ⁷
253 1893 378 1936 cnsrvs.
416 1872 509 1944 Ouam
532 1894 590 1934 non
614 1882 658 1935 est
680 1875 736 1935 lroc
759 1874 878 1944 laisum,
901 1873 1035 1941 Misenis,
1059 1872 1136 1952 quoti
1153 1873 1246 1941 aiunt,
1269 1870 1361 1931 Vestis
1376 1872 1524 1930 viennen.

188 1975 271 2040 lacit:
295 1995 361 2036 nam
384 1983 414 2036 tu
437 1976 507 2037 milri
529 1978 571 2036 sic
593 1977 712 2037 restitus
734 1978 834 2055 sicque
856 1975 951 2037 cultus
973 1974 1055 2035 raldo
1077 1974 1184 2053 places.

251 2097 414 2139 ursnvnvs.
451 2079 488 2139 nt
510 2078 579 2138 milri
602 2086 703 2138 contra
725 2097 783 2137 non
806 2079 923 2158 placeo,
947 2096 981 2137 ac
996 2078 1031 2138 acl
1048 2076 1111 2136 illos
1126 2074 1194 2135 olim
1209 2093 1322 2154 pannos
1337 2075 1471 2154 respicio.

252 2199 380 2241 cnsrvs.
417 2179 492 2250 Ouid
515 2181 571 2248 ais,
596 2179 632 2239 ab
655 2179 700 2239 iris
722 2180 874 2240 rnunrlieiis
896 2180 932 2240 acl
955 2178 1017 2239 illas
1039 2178 1161 2238 sordes?

156 2299 180 2338 n
252 2301 416 2344 ursnvnvs.
453 2282 636 2342 Aservitute
659 2282 694 2341 ael
718 2280 896 2349 libertatem,
920 2280 1013 2343 Casto.
1052 2298 1138 2359 quem
1154 2280 1270 2359 quidem
1293 2280 1396 2357 pannis
1418 2278 1470 2338 ob·

187 2384 275 2444 situm
298 2402 361 2444 esse
383 2382 527 2442 vilissimis
550 2385 692 2462 oportuit,
716 2381 790 2444 liber
812 2391 844 2442 ut.
866 2401 969 2443 essem.

251 2505 378 2548 cuorus.
416 2483 480 2545 Non
503 2503 535 2544 es
556 2491 588 2546 tn
610 2483 684 2546 liber
705 2486 811 2564 igitur?
1479 2488 1525 2539 §.²-

251 2606 413 2649 msuvuvs.
451 2583 522 2656 Quia
546 2587 623 2646 enim
645 2588 749 2647 servio.
787 2595 874 2666 atque
896 2593 928 2648 ut
949 2585 1092 2664 intelligas
1107 2605 1169 2647 rem
1185 2585 1270 2664 plano
1286 2595 1318 2646 ul
1333 2593 1391 2654 est,
1415 2585 1471 2646 hoc

187 2689 313 2750 sericum
342 2686 419 2748 ultro
447 2690 617 2749 accersitam
646 2688 795 2750 mollitiem
824 2697 853 2750 et
882 2691 967 2749 sitam
997 2690 1065 2749 viris
1091 2688 1238 2766 indignam
1267 2688 1376 2766 arguit;
1409 2687 1472 2746 haec

156 2805 246 2870 taqua
268 2789 374 2851 collum
397 2789 564 2850 obvinctum
592 2807 663 2867 gero
691 2809 778 2851 aurea
809 2800 909 2851 catena
938 2792 1020 2851 mirre
1049 2790 1183 2851 indicium
1214 2798 1257 2850 est
1286 2789 1471 2868 captivitatis;

188 2899 248 2953 tum
271 2890 321 2952 uhi
343 2910 390 2952 ine
412 2890 614 2953 consultorem
637 2891 756 2953 salutari
779 2893 998 2963 animadvertis,
1021 2893 1167 2953 servitutis
1180 2890 1345 2971 symbolum
1360 2893 1468 2971 accipe.

250 3013 376 3055 cnsrvs.
414 2992 478 3063 Ouo
501 3013 547 3053 me
570 2994 670 3054 tlrrcisl
693 3014 757 3073 qrrae
779 2994 905 3055 absurda
927 2995 1037 3055 refers?
1068 2994 1148 3056 Servi
1170 3002 1251 3062 sunt,
1276 2994 1379 3072 captivi
1401 3001 1523 3053 sunit&

188 3096 286 3175 quiin
311 3095 476 3173 principum
498 3095 570 3156 aulis
591 3097 763 3157 versantur?

249 3215 413 3258 ursnvnvs.
451 3196 487 3257 Et
509 3198 647 3259 miserum
671 3199 700 3258 in
724 3198 852 3258 morlnm.
891 3198 996 3259 deinde
1019 3197 1118 3259 exules
1140 3216 1271 3277 quoquc:
1303 3217 1370 3258 nam
1393 3198 1471 3278 quod

155 3298 268 3360 aonides
289 3297 416 3358 molliter
438 3299 535 3358 vestiri
558 3318 627 3370 nos,
662 3300 730 3379 quid
759 3299 835 3360 aliud
865 3299 919 3360 sibi
948 3298 1009 3360 rull
1038 3318 1126 3378 quam
1148 3320 1163 3360 a
1186 3303 1262 3361 veris
1284 3302 1348 3362 ritae
1370 3301 1472 3360 officiis

189 3399 273 3477 longe
296 3399 433 3460 exulare?
455 3401 549 3480 Atque
571 3404 608 3462 ita
631 3421 678 3462 me
700 3401 738 3462 dii
761 3409 873 3471 ament,
900 3409 932 3462 ut
955 3419 1049 3461 meam
1072 3402 1267 3463 conditionem
1291 3404 1403 3481 quoties
1424 3421 1471 3462 re·

189 3508 272 3579 puto,
304 3519 399 3580 neque
422 3501 496 3562 liber
518 3521 582 3562 esso
603 3504 674 3564 milri
697 3522 792 3583 neque
814 3505 857 3564 rir
879 3505 931 3565 sed
954 3522 989 3565 ex
1012 3504 1137 3581 pessimo
1161 3505 1340 3582 captivorum
1363 3523 1471 3583 genere

188 3603 295 3663 videor.
340 3610 426 3682 atque
454 3605 563 3663 utinam
592 3605 756 3666 maluissem
787 3625 853 3667 cum
882 3605 1011 3684 Diogene
1040 3604 1119 3665 olera
1148 3603 1244 3666 lavare
1266 3624 1353 3685 quam
1376 3608 1471 3684 regias

188 3722 254 3764 rum
276 3704 423 3783 Aristippo
445 3708 550 3766 sectari
573 3706 681 3784 epulas.

193 3874 384 3884 ——.

255 3975 261 4007 ¹
283 3976 326 4025 Ila
339 3993 425 4026 nornen
443 3977 477 4027 de
489 3977 596 4028 Hutteu
613 3983 729 4030 correxit
741 3981 777 4030 H.
795 3979 882 4030 Totam
894 3979 1019 4029 rubricam
1031 3979 1055 4029 lr.
1069 3983 1085 4032 l.
1099 3983 1167 4030 omis.
1181 3982 1204 4030 9.
1212 3983 1252 4029 10.
1293 3978 1304 4011 ³
1321 3979 1392 4030 Aula
1410 3981 1469 4031 edd.

184 4067 286 4125 pra’ter
306 4063 348 4110 13.
367 4065 483 4112 correxit
503 4064 538 4113 H.
600 4062 841 4114 liuterlocutores
860 4067 903 4115 13.
972 4063 1094 4113 ‘Vestis
1113 4062 1182 4129 nat]
1202 4066 1277 4126 „Dar
1295 4065 1375 4115 Klein!
1389 4066 1470 4115 nrnrlrt

187 4147 235 4195 den
260 4147 372 4208 How,
403 4147 539 4208 „liler'rlrr
566 4148 667 4198 nrarlen
696 4150 797 4198 Leute”
828 4150 869 4199 oie
896 4150 967 4216 apud
994 4152 1162 4199 recentiores
1190 4150 1217 4198 in
1247 4150 1391 4216 proverbio
1418 4156 1469 4202 est.

187 4229 284 4281 Graece
302 4228 406 4297 εἵματα
418 4224 501 4298 α’νήρ.
516 4233 558 4282 (ts.
573 4235 680 4283 Erosmi
692 4234 777 4299 Adog.
791 4234 817 4284 h.
831 4250 857 4285 v.
904 4234 1027 4284 unam
1046 4235 1082 4284 H.
1130 4236 1224 4299 sicque
1243 4236 1280 4285 H.
1299 4251 1334 4286 ex
1351 4236 1392 4285 sio
1410 4239 1469 4288 edd.

186 4313 258 4382 ἐκ]
278 4317 340 4367 ‚Ae
359 4319 394 4367 H.
442 4317 487 4380 ¹⁸,
508 4324 591 4383 atquo
609 4320 668 4368 edd.
699 4319 844 4384 .ntq311.
892 4318 913 4352 ¹⁵
930 4320 1044 4371 obiuctr'r
1061 4324 1086 4368 5.
1105 4336 1174 4370 eurr.
1187 4321 1223 4370 H.
1273 4321 1393 4370 cathena
1411 4323 1469 4372 edd.

185 4409 284 4465 prater
302 4405 410 4453 3.5.13.
479 4402 501 4436 ¹⁸
519 4402 712 4470 consultorem]
737 4405 834 4467 (Μ’,
858 4407 917 4455 sine
941 4406 1042 4456 honore
1066 4421 1176 4464 nomen,
1205 4405 1275 4470 quod
1294 4406 1402 4457 titulum
1422 4409 1468 4458 erl·

186 4487 330 4553 pellemus.
366 4485 387 4519 ¹⁸
403 4488 541 4553 principiis
562 4492 584 4538 1.
620 4487 750 4540 ²⁰lllollis
769 4491 938 4541 restitucio
956 4507 1034 4555 marp.
1055 4493 1081 4540 ³.
1123 4487 1175 4521 ²¹³²
1192 4496 1288 4556 repeto
1306 4492 1468 4549 edctonmer.

185 4577 259 4621 etlam
278 4575 321 4622 13.
342 4573 415 4622 Corr.
428 4573 464 4622 H.
524 4571 547 4606 ¹⁴
564 4574 660 4639 epulas
678 4576 788 4624 sectari.
808 4577 865 4625 edd.
879 4591 947 4625 corr.
962 4577 1000 4624 H.
1018 4576 1068 4639 „Si
1082 4578 1229 4643 pranderet
1245 4577 1304 4627 olus
1321 4580 1470 4644 patienter,

186 4657 297 4726 regibus
320 4657 362 4705 uti
378 4657 472 4707 Nollet
488 4658 669 4725 Aristippus&
699 4660 795 4711 Horat.
809 4663 877 4727 Epp.
891 4662 913 4711 1.
930 4660 967 4725 17,
979 4669 1009 4716 ia,
