3382 5370
419 355 482 406 1111.
551 370 688 405 εοιιτιιιιιι.
725 368 863 404 oracoevs
882 368 1064 404 urrrcmcvs.
1085 352 1168 416 (tato.)
1384 333 1431 407 89

154 525 261 587 humile
284 525 400 605 aliquod
422 533 557 603 stagnum
580 532 630 585 aut
651 525 754 585 lluvios
776 532 895 585 tentant.
941 542 1031 603 quare
1053 522 1176 583 multum
1204 529 1363 601 occupatos
1390 521 1433 582 di-

154 628 223 688 viteo
251 627 317 688 illos
344 627 418 695 divi,
447 646 502 688 nec
528 627 583 687 sibi
612 634 723 687 tautum
751 627 845 687 vivere
874 644 1037 704 magnaque
1064 643 1180 704 semper
1213 624 1295 703 copia
1319 624 1432 684 circun-

153 732 244 792 duere
267 748 370 791 corum
392 729 441 808 qui
464 748 566 808 opem,
589 731 639 808 qui
661 727 789 790 subsidia
812 734 924 806 petant,
954 728 1115 787 arnicorum
1138 733 1166 786 et
1187 727 1431 804 propinquorum,

154 833 230 894 trude
253 833 392 911 strepitus
414 838 443 891 et
464 831 606 891 tumultus
628 838 656 891 et
678 830 807 891 molestia
831 829 894 889 vitae
916 830 1008 888 maior
1030 846 1117 906 quam
1139 828 1195 888 diei
1217 832 1321 906 potest.
1358 838 1500 907 prae-§.ot

133 942 234 995 aterea
255 933 380 994 mvdtum
402 934 502 994 timeat
523 934 572 1012 qui
594 931 682 992 iruulta
706 931 834 1011 possidet
860 949 981 992 neeesse
1004 938 1061 999 est;
1089 938 1150 990 tum
1179 929 1328 990 subeunda
1357 931 1434 1009 peri·

154 1033 219 1096 cula
241 1042 269 1095 et
291 1035 318 1094 in
343 1042 475 1113 apertum
506 1034 662 1095 discrimen
691 1034 819 1095 eundum
848 1034 987 1113 praecipiti
1016 1032 1206 1112 quandoque,
1234 1049 1292 1092 nou
1321 1039 1433 1092 tantum

154 1136 203 1198 ubi
224 1136 397 1197 lucrandum
420 1136 542 1215 aliquid,
565 1138 610 1198 tac
632 1137 708 1196 enim
732 1134 801 1196 nibil
824 1153 942 1196 necesse
964 1133 1018 1195 illis
1040 1152 1104 1195 csse
1124 1132 1246 1204 lucrari,
1270 1152 1434 1214 quanquam

153 1238 263 1299 avidius
285 1257 371 1299 nemo
394 1238 524 1299 lucratur
547 1256 634 1317 quarn
657 1239 704 1317 qui
728 1237 851 1317 plurima
876 1237 932 1296 iam
954 1235 1083 1297 lucratus
1105 1243 1163 1296 est:
1193 1243 1222 1296 et
1244 1236 1370 1295 Pittacus
1392 1235 1434 1295 di·

154 1359 221 1402 cere
243 1338 369 1410 solebat,
397 1334 566 1420 ἄπληστον
589 1331 673 1401 εἶναι
696 1333 732 1399 cd
755 1331 1094 1417 deanavcdeadqdog:
1122 1345 1219 1398 tamen
1243 1355 1300 1397 uon
1323 1343 1433 1397 mutum

120 1455 145 1494 ¹⁰
156 1442 206 1503 ubi
227 1441 400 1503 lucrandum
427 1440 548 1522 aliquid,
577 1442 628 1502 sed
657 1441 705 1502 obi
734 1460 767 1502 ca
796 1458 861 1519 quae
890 1441 945 1500 iam
968 1439 1114 1499 habentur
1141 1458 1258 1500 servare
1287 1456 1361 1519 opus
1392 1439 1434 1498 iu·

154 1543 281 1613 curubit,
313 1543 363 1605 ubi
391 1545 509 1604 infinitae
536 1545 647 1604 circum
677 1543 802 1611 insidia,
836 1541 886 1603 ubi
907 1541 1017 1602 fraudis
1039 1549 1134 1601 metus
1156 1549 1206 1602 aut
1230 1540 1369 1601 violentia
1391 1541 1434 1600 iu·

154 1646 279 1715 cumbit,
308 1644 357 1707 ubi
388 1643 515 1706 latrones
542 1653 635 1715 terra,
664 1646 765 1725 piratae
794 1645 867 1705 mari
889 1643 997 1722 nequid
1020 1643 1203 1722 intercipiant
1224 1644 1356 1710 timetur,
1386 1640 1434 1701 ubi

154 1756 243 1809 noctu
265 1750 391 1827 parietes
414 1747 632 1826 perfodiuntur,
655 1747 704 1806 ubi
727 1746 816 1807 multa
838 1743 983 1806 subtrabit
1005 1745 1091 1805 inllda
1108 1743 1229 1814 lamilia,
1252 1751 1340 1805 noctu
1356 1744 1436 1803 iures

155 1849 325 1930 compilant:
348 1869 384 1910 an
408 1857 437 1909 ιιι
461 1868 588 1928 unquam
604 1848 771 1910 Fuccbcros
793 1849 890 1927 quiete
911 1864 1046 1906 somnum
1069 1865 1174 1926 capere
1195 1855 1245 1907 aut
1260 1847 1355 1907 auimo
1371 1854 1503 1906 esset-ar.

124 1950 312 2031 tatrauquille
334 1960 433 2030 putas,
462 1971 528 2012 eum
551 1952 623 2012 mari
647 1958 724 2012 terra
747 1968 780 2010 ac
803 1950 880 2010 domi
903 1948 1139 2029 prospiciendum
1161 1950 1198 2009 sit
1218 1947 1325 2027 nequid
1347 1947 1436 2008 detri-

155 2053 244 2114 menti
265 2055 397 2133 capiant?
755 2121 759 2128 ⁴

218 2176 389 2218 uvcamvs.
427 2157 468 2218 lle
483 2155 657 2226 Fuccberis,
681 2163 712 2215 ut
734 2154 893 2224 dormiant,
916 2153 1055 2214 sellicitus
1077 2170 1135 2212 uon
1157 2169 1239 2220 sum;
1263 2150 1298 2211 de
1315 2169 1361 2211 me
1375 2151 1436 2210 scio

155 2264 296 2336 quantum
312 2257 434 2336 vigilem,
458 2259 527 2319 dum
550 2258 630 2319 nude
653 2275 779 2336 quaram
803 2256 880 2334 quod
904 2273 1022 2316 necesse
1045 2261 1089 2314 est
1110 2253 1249 2321 mediter,
1272 2253 1364 2329 agito,
1388 2270 1437 2311 co·

155 2359 232 2435 gito;
255 2358 306 2419 sed
321 2366 353 2419 ut
375 2360 410 2421 de
427 2359 585 2420 Fuccbcris
607 2360 709 2428 etiam,
732 2361 798 2436 quia
822 2359 1019 2438 percontaris
1043 2355 1236 2435 respondeam
1260 2355 1336 2432 qued
1360 2371 1438 2414 ιιιιιιο

120 2461 265 2529 cosentio,
288 2463 333 2522 rix
356 2481 484 2541 uuquam
507 2461 635 2523 dormire
657 2463 771 2541 quietos
792 2479 843 2521 eos
864 2459 1000 2520 arbitror.

218 2584 371 2626 aronrvua.
408 2562 498 2624 Recte
519 2565 606 2642 igitur
627 2562 767 2624 intellexit
789 2563 845 2623 lroc
867 2563 976 2623 Seneca
1000 2579 1067 2621 cum
1095 2560 1148 2628 ait,
1178 2559 1213 2619 ad
1241 2557 1378 2618 tuendam
1401 2568 1505 2619 extm-

157 2664 274 2726 fortuna
297 2665 462 2726 felicitatem
484 2664 537 2726 alia
561 2684 636 2745 opus
658 2684 721 2726 esse
745 2664 896 2733 felicitato,
926 2671 955 2724 et
977 2681 1031 2742 pro
1055 2663 1124 2741 ipsis
1144 2662 1218 2721 vetis
1240 2667 1303 2720 vota
1326 2677 1438 2720 nuncu·

156 2766 261 2846 parada.
307 2767 464 2846 quinetiam
494 2775 525 2827 ut
553 2769 586 2828 iis
617 2769 665 2846 qni
693 2769 722 2828 in
751 2766 918 2827 altissimam
945 2763 1082 2825 arborem
1105 2771 1153 2823 aut
1175 2760 1299 2822 sublime
1321 2759 1439 2839 aliquod

158 2867 310 2928 attactum
333 2869 582 2938 conscenderunt,
614 2870 735 2948 pronior
757 2869 824 2928 inde
852 2868 951 2947 lapsus
978 2874 1038 2936 est,
1066 2867 1108 2927 sic
1137 2866 1232 2925 omnia
1260 2862 1438 2942 locupletum

124 2970 280 3031 caislarum
304 2952 440 3050 praesenti
462 2970 578 3031 assidue
606 2972 635 3031 in
663 2969 793 3049 periculo
823 2977 989 3038 versantur,
1021 2986 1086 3028 cum
1118 2965 1297 3047 pauperibus
1323 2965 1439 3026 interim

158 3071 239 3131 vobis
262 3090 348 3132 nemo
372 3071 455 3134 lacile
469 3072 635 3143 insidiatur,
659 3091 745 3132 ιιειιιο
762 3071 870 3132 lurtum
887 3071 955 3131 lacit
975 3078 1025 3130 aut
1046 3071 1177 3147 rapinam
1195 3071 1329 3136 intentat,
1353 3086 1439 3127 neme

159 3192 286 3252 unquam
309 3172 418 3234 bellum
441 3176 543 3243 inlert3
574 3182 602 3235 ct
628 3175 800 3253 prasentius
828 3190 914 3251 quam
945 3190 995 3230 vos
1017 3169 1217 3249 periclitantur
1240 3168 1279 3229 illi
1302 3171 1389 3248 igitur
1411 3175 1440 3229 et

159 3276 285 3353 quictem
308 3284 397 3354 agunt
420 3277 582 3337 rarissime:
608 3276 698 3336 vidisti
721 3275 797 3335 euim
821 3275 849 3333 in
873 3274 985 3349 aragois
1006 3272 1102 3332 adbuc
1124 3272 1228 3333 divitiis
1251 3270 1440 3349 tranquillum

159 3377 284 3456 cuipiam
306 3396 370 3438 esse
392 3379 499 3438 otium't

124 3490 150 3532 ιι
222 3500 392 3541 averanus,
430 3479 637 3541 Sacerdotibus
659 3479 723 3539 vidi.
1449 3479 1507 3530 ιιι.

222 3601 373 3643 roncum.
410 3582 447 3642 dt
468 3579 620 3642 audiebam
643 3589 775 3657 agentem
799 3580 855 3640 boc
877 3579 972 3639 lovem
996 3577 1108 3646 dicere,
1131 3576 1277 3656 podagras
1298 3596 1330 3637 se
1351 3576 1389 3637 ob
1412 3576 1440 3636 id

160 3683 315 3744 immittere
338 3682 392 3743 illis
415 3690 443 3744 ει
466 3682 563 3743 lebrcs
585 3693 614 3743 et
634 3683 754 3743 isclriam
778 3690 805 3743 et
827 3680 1017 3742 articulorum
1040 3687 1167 3739 torturas
1190 3686 1218 3739 ει
1247 3678 1318 3739 alios
1340 3678 1368 3738 id
1391 3696 1441 3756 ge·

161 3803 215 3845 urm
237 3784 371 3853 morbos:
395 3793 443 3845 aut
467 3784 516 3846 ubi
539 3783 634 3844 morbi
657 3785 725 3844 satis
748 3803 805 3843 mm
830 3792 940 3851 esseut,
965 3783 1179 3850 contentiones,
1203 3780 1336 3840 iuvidiam
1360 3787 1389 3839 et
1403 3780 1441 3838 si·

161 3885 310 3954 nrultateS,
334 3886 438 3964 quibus
461 3894 615 3947 mutuose
638 3894 810 3954 attererent,
834 3887 861 3944 iu
887 3893 997 3944 tautum
1020 3894 1052 3943 ut
1073 3885 1100 3942 iu
1124 3883 1244 3943 summis
1267 3881 1371 3960 opibus
1393 3878 1440 3940 lac·

126 3990 251 4050 aritiam
275 3989 409 4048 nonnisi
432 4007 498 4047 varo
521 3988 678 4049 admodum
702 3995 848 4066 caperent.
893 3993 1034 4066 praeterea
1064 3984 1233 4046 concubinis
1260 3984 1440 4063 mancipasse
1450 3989 1511 4039 tot.

162 4109 231 4161 eoo,
254 4089 361 4169 quibus
383 4091 411 4149 in
434 4097 544 4150 turdum
568 4090 684 4150 elnmxii
702 4091 843 4157 virerent,
867 4096 898 4148 ut
917 4088 994 4148 nulla
1008 4087 1140 4147 videatur
1156 4088 1289 4147 miserior
1304 4093 1354 4146 aut
1369 4085 1441 4145 dura

163 4193 256 4271 magis
277 4193 414 4258 servitus:
444 4199 565 4270 prepter
593 4210 642 4251 eas
669 4192 745 4251 euim
775 4189 924 4269 digladiari
947 4190 1025 4268 ipsos
1047 4188 1138 4250 multo
1161 4191 1257 4249 acrius
1279 4205 1365 4266 quam
1388 4204 1443 4265 pro

162 4347 363 4356 ———.-.

229 4447 240 4478 ⁸
264 4444 378 4512 Fidae]
399 4461 441 4514 ap.
462 4446 536 4496 Stob.
556 4445 650 4495 Flevil.
665 4447 697 4495 Χ,
711 4446 753 4494 ta.
771 4434 923 4509 ’Ἇπλησεοιι
946 4459 976 4493 το
995 4435 1152 4500 διαπαντὸς
1175 4437 1283 4506 κέρδος.
1318 4440 1442 4506 Iuexple-

163 4531 220 4582 bile
240 4537 283 4581 est
301 4533 410 4581 omnino
429 4530 540 4580 lucrum.
594 4528 612 4562 ¹¹
633 4528 750 4595 Seneca]
769 4530 802 4579 de
822 4531 920 4580 brevit.
935 4531 998 4579 vitoe
1019 4530 1057 4589 17,
1072 4538 1091 4578 t.
1144 4525 1166 4559 ²¹
1184 4544 1245 4576 esse
1259 4526 1404 4576 faelicitate
1418 4529 1442 4576 2.

162 4619 304 4683 etaicaqq.
351 4614 373 4648 ¹⁴
392 4621 442 4667 est.
461 4617 506 4666 Sic
519 4620 544 4665 2.
591 4612 613 4648 ¹²
632 4616 687 4665 ‚ut
705 4630 784 4680 prees.
800 4619 823 4664 2.
871 4613 901 4663 ²⁸.
915 4614 1016 4663 Vidisti
1030 4618 1053 4663 2.
1106 4612 1127 4642 ³⁵
1145 4614 1169 4673 ξ.
1183 4612 1224 4660 ld.
1244 4611 1344 4660 Incidit
1357 4611 1385 4658 in
1399 4625 1440 4659 ar·

160 4706 317 4768 gumeutum
336 4701 434 4751 Febris
452 4701 587 4755 secundae.
1442 4698 1448 4703 ’
