3382 5370
230 356 303 426 4l8
429 371 491 421 x11.
561 386 706 421 sosimus.
776 385 915 420 umeoors
935 386 1109 421 uurreurcvs
1134 370 1308 432 (rosi-runs).

229 541 338 601 Omnes
360 549 457 601 autem
480 539 667 619 intelligimus
689 541 730 599 sie
752 539 920 600 humanitus
941 547 1141 618 corrrparatmu
1158 557 1236 606 esse,
1260 545 1291 599 ut
1306 558 1432 619 qrrorum
1449 539 1515 618 plo-

229 644 311 703 rimae
332 650 399 702 som
421 644 555 712 virtutes,
579 659 757 719 corrumpar
781 650 881 701 crintra
904 642 941 701 sit
963 642 1082 702 irn'idia:
1111 660 1177 701 uam
1207 639 1261 700 soli
1289 642 1423 701 iuvidiam
1453 660 1514 701 nou

231 747 359 805 sentiunt
381 763 505 824 quormu
530 746 559 804 iu
583 745 741 822 conspicuo
765 745 855 803 virtus
878 762 935 802 riou
959 751 1017 811 est;
1046 761 1097 803 eos
1124 744 1248 803 maxime
1274 741 1321 802 illa
1344 745 1415 820 petit
1437 763 1514 822 quos

162 847 367 907 iil-altissime
390 848 483 906 erexit
505 845 575 906 lnce.
613 845 738 906 Necesse
768 852 811 905 est
839 853 936 906 autem
966 846 1088 906 irruituro
1119 847 1148 905 in
1172 863 1328 905 commuue
1351 847 1442 924 pessit
1464 847 1513 904 cui

228 968 329 1010 reruur
352 967 464 1008 summa
488 948 674 1027 procuranda
697 954 754 1008 est:
778 966 864 1026 quain
888 945 971 1007 facile
993 965 1113 1025 pessum
1136 947 1268 1006 rediisset
1290 945 1406 1025 publica
1422 945 1535 1007 liber-⁵

231 1058 288 1119 tas,
312 1051 336 1109 si
359 1050 393 1110 ad
417 1051 646 1128 uniuscuiusque
669 1066 786 1128 pravam
809 1049 846 1108 de
868 1068 916 1109 rue
938 1049 1106 1137 epimonem
1129 1050 1204 1108 vires
1227 1048 1334 1126 uiribus
1355 1049 1461 1108 terenda
1478 1066 1512 1108 eo

230 1154 283 1212 luit
305 1153 497 1213 dimisissem:
527 1153 555 1211 iu
578 1152 635 1212 lmc
658 1153 839 1230 propesitum
869 1169 934 1210 com
964 1152 1123 1228 potentiam
1152 1151 1309 1211 retinerem
1337 1156 1515 1227 gratumque

230 1254 259 1314 id
282 1253 366 1315 honis
397 1255 540 1323 lacerem,
574 1255 602 1312 iu
631 1255 771 1313 affectatae
800 1252 959 1330 tyrannidis
987 1251 1160 1312 calumniam
1189 1253 1264 1330 apml
1294 1251 1386 1312 malos
1414 1251 1513 1310 incidi.

162 1355 341 1428 §.⁵¹.erodsi
364 1373 489 1433 reguum
511 1373 700 1433 essentessent
724 1357 825 1423 etiam,
856 1356 901 1414 cui
929 1354 955 1413 id
979 1355 1070 1430 rrragis
1093 1353 1282 1414 conveniebat
1304 1372 1391 1432 quam
1414 1355 1440 1413 ei
1463 1355 1515 1430 qui

230 1457 266 1517 ab
289 1465 407 1518 externa
431 1459 569 1518 servitute
592 1457 759 1517 redemerat
781 1475 855 1534 quos
877 1456 932 1516 sul
954 1457 1080 1534 patrium
1102 1474 1225 1534 reguum
1241 1454 1417 1515 collecturus
1433 1456 1549 1515 eratin

231 1560 301 1619 milri
325 1560 454 1619 uetulum
477 1577 577 1636 parem
601 1558 747 1619 retulisset
769 1560 890 1636 gratiam
913 1557 1020 1635 patria.
1051 1558 1074 1617 si
1104 1576 1157 1635 pirro
1185 1559 1318 1618 restituta
1348 1557 1402 1617 sibi
1424 1555 1514 1616 liber·

231 1668 289 1722 tate
318 1680 408 1739 seque
435 1659 471 1720 ab
499 1660 616 1720 interitu
645 1679 737 1739 prope
765 1661 905 1720 uindicata
934 1678 1058 1737 reguum
1088 1659 1165 1719 ultro
1192 1658 1359 1725 detulisset:
1393 1668 1422 1719 at
1444 1677 1514 1718 roro

231 1762 438 1841 languescente
460 1770 527 1841 post
548 1764 688 1840 temporis
710 1761 860 1822 interualla
883 1762 994 1839 accepti
1016 1761 1149 1821 herrelicii
1173 1764 1327 1828 niceteria,
1357 1779 1439 1838 passa
1470 1768 1515 1820 est

163 1865 332 1942 §.enupsit
354 1862 496 1924 calumnia
520 1865 662 1940 primum.
687 1863 791 1924 deiude
814 1863 939 1941 opprimi
962 1861 1083 1923 scelere.
1128 1863 1211 1932 Orrod
1235 1883 1290 1923 uec
1318 1865 1412 1941 primo
1442 1862 1514 1922 milri

231 1984 287 2025 nec
308 1965 409 2026 ultimo
433 1984 500 2025 reor
523 1966 650 2043 contigit.
696 1967 753 2026 tuis
783 1967 859 2026 euim
888 1965 962 2025 berre
984 1967 1095 2025 ureritis
1117 1966 1191 2042 grati
1221 1966 1340 2024 luerunt
1362 1965 1551 2042 Cartuagi-e.

232 2070 358 2128 nenses?
380 2076 429 2128 md
451 2086 509 2127 riou
533 2068 586 2127 luit
607 2086 672 2145 quim
695 2075 722 2128 te
745 2073 906 2146 premeret,
930 2068 988 2126 iuro
1012 2085 1077 2145 qum
1094 2069 1240 2145 oppressit
1255 2067 1388 2136 tandem,
1418 2068 1515 2127 inimi·

232 2189 334 2230 corum
357 2170 434 2230 dorm
458 2171 627 2230 insectatio?

296 2292 460 2333 resumens.
497 2271 619 2339 Fateor,
643 2271 704 2331 tuit,

165 2379 224 2431 ibt·
298 2395 455 2435 nummus.
493 2374 565 2434 Nom
590 2374 733 2452 Scipioni,
769 2373 873 2441 credo,
897 2373 988 2432 sicem
1012 2373 1137 2433 reddidit
1159 2375 1267 2452 patria,
1291 2374 1320 2432 iu
1343 2392 1398 2452 «pua
1423 2374 1459 2433 al·
1484 2392 1517 2431 se

234 2475 410 2556 amplissime
432 2475 568 2535 decorata
592 2482 658 2552 poen
680 2481 723 2533 tot
744 2474 819 2534 eelim
843 2476 983 2553 praeclara
1006 2476 1134 2535 laeiuora
1159 2494 1195 2535 ue
1218 2478 1292 2535 raeiri
1315 2476 1431 2554 quidem
1447 2491 1554 2553 per-eo

234 2580 339 2639 missus
362 2585 413 2637 est.
458 2583 537 2637 certe
560 2575 723 2636 Alexandro
746 2576 903 2636 domestica
927 2577 1030 2637 inuidia
1053 2586 1177 2637 mortem
1200 2579 1391 2639 eorreiunarit.

297 2699 405 2741 ursos.
442 2679 536 2739 Etiam
560 2678 617 2738 lroc
639 2678 796 2755 expedivit:
827 2679 866 2738 ita
889 2681 965 2739 enini
989 2686 1048 2739 est:
1078 2698 1164 2739 nerito
1192 2680 1288 2739 clarus
1310 2696 1438 2758 uuquam
1463 2680 1517 2741 luit

166 2783 282 2841 §.atem
304 2800 363 2841 riou
386 2779 542 2858 aliquando
565 2778 660 2839 lrarrdi
682 2797 733 2839 sua
756 2787 832 2840 esset
856 2782 952 2840 rictus.
991 2780 1116 2840 Necesse
1139 2789 1273 2842 estsere
1297 2782 1374 2841 liuuc
1396 2785 1445 2860 qui
1462 2799 1517 2841 no·

234 2890 304 2943 runt
331 2883 510 2951 Arruiuimu,
544 2880 714 2960 {rraeelaram
745 2881 783 2941 ob
819 2880 948 2941 indolem
981 2881 1062 2941 raldo
1090 2890 1196 2942 airieut.
1242 2885 1363 2961 proinde
1398 2893 1516 2944 artetum

234 2983 346 3044 liortore
369 2983 453 3044 «lecet
475 3002 538 3043 esse
560 2991 603 3052 te,
637 2983 797 3047 Geruraue.
833 3001 928 3060 noque
952 3001 1005 3042 uos
1027 2992 1142 3045 tuarum
1167 2988 1304 3046 virtutum
1328 2987 1370 3045 las
1393 2994 1437 3046 est
1459 3003 1553 3047 riu-es

234 3103 320 3163 qnam
344 3086 405 3145 lieri
429 3086 624 3146 inuueumres.
663 3085 719 3146 Sed
743 3087 798 3144 iam
822 3087 916 3162 ipsum
939 3086 1008 3145 iulte
1024 3088 1105 3165 sequi
1122 3095 1165 3156 te,
1190 3087 1332 3152 llereuri.
1356 3107 1389 3147 ae
1405 3090 1517 3149 lacesse

234 3195 363 3247 mtutum
387 3188 479 3254 iussu;
503 3207 553 3245 ros
574 3187 611 3248 ad
635 3196 727 3248 restra
752 3187 819 3247 liiue
842 3189 948 3249 redita!

297 3310 482 3351 nuncnune.
520 3291 658 3369 Semrere.

301 3492 312 3524 ⁴
331 3495 418 3544 erexit
432 3497 471 3544 11.
