<?xml version="1.0" encoding="UTF-8"?>
<!DOCTYPE html PUBLIC "-//W3C//DTD XHTML 1.0 Transitional//EN"
    "http://www.w3.org/TR/xhtml1/DTD/xhtml1-transitional.dtd">
<html xmlns="http://www.w3.org/1999/xhtml" xml:lang="en" lang="en">
 <head>
  <title>
</title>
<meta http-equiv="Content-Type" content="text/html;charset=utf-8" />
  <meta name='ocr-system' content='tesseract 3.04.00' />
  <meta name='ocr-capabilities' content='ocr_page ocr_carea ocr_par ocr_line ocrx_word'/>
</head>
<body>
  <div class='ocr_page' id='page_1' title='image "./ulrichihuttenie09huttgoog_0379.png"; bbox 0 0 3382 5370; ppageno 0'>
   <div class='ocr_carea' id='block_1_1' title="bbox 262 320 1356 395">
    <p class='ocr_par' dir='ltr' id='par_1_1' title="bbox 262 320 1356 395">
     <span class='ocr_line' id='line_1_1' title="bbox 262 320 1356 395; baseline -0.014 -2"><span class='ocrx_word' id='word_1_1' title='bbox 262 320 335 393; x_wconf 77' lang='lat'>358</span> <span class='ocrx_word' id='word_1_2' title='bbox 442 333 476 383; x_wconf 86' lang='lat' dir='ltr'>X.</span> <span class='ocrx_word' id='word_1_3' title='bbox 546 331 670 384; x_wconf 78' lang='lat' dir='ltr'>uonrron</span> <span class='ocrx_word' id='word_1_4' title='bbox 690 349 839 385; x_wconf 75' lang='lat' dir='ltr'>sucrsuvs.</span> <span class='ocrx_word' id='word_1_5' title='bbox 910 346 1250 382; x_wconf 78' lang='lat' dir='ltr'>niacouvsuvrrnurcvs.</span> <span class='ocrx_word' id='word_1_6' title='bbox 1271 329 1356 395; x_wconf 77' lang='lat' dir='ltr'>(coac.)</span> 
     </span>
    </p>
   </div>
   <div class='ocr_carea' id='block_1_2' title="bbox 196 500 1589 4147">
    <p class='ocr_par' dir='ltr' id='par_1_2' title="bbox 196 500 1581 1702">
     <span class='ocr_line' id='line_1_2' title="bbox 261 500 1544 584; baseline -0.006 -19"><span class='ocrx_word' id='word_1_7' title='bbox 261 504 389 584; x_wconf 87' lang='lat' dir='ltr'>probare</span> <span class='ocrx_word' id='word_1_8' title='bbox 412 501 549 565; x_wconf 88' lang='lat' dir='ltr'>voluisset</span> <span class='ocrx_word' id='word_1_9' title='bbox 563 505 646 563; x_wconf 87' lang='lat' dir='ltr'>istam</span> <span class='ocrx_word' id='word_1_10' title='bbox 663 503 821 572; x_wconf 87' lang='lat' dir='ltr'>insectandi</span> <span class='ocrx_word' id='word_1_11' title='bbox 837 502 998 563; x_wconf 84' lang='lat' dir='ltr'>Lutberuur</span> <span class='ocrx_word' id='word_1_12' title='bbox 1014 501 1136 570; x_wconf 82' lang='lat' dir='ltr'>rabiem,</span> <span class='ocrx_word' id='word_1_13' title='bbox 1161 509 1189 563; x_wconf 93' lang='lat' dir='ltr'>et</span> <span class='ocrx_word' id='word_1_14' title='bbox 1211 502 1240 561; x_wconf 92' lang='lat' dir='ltr'>in</span> <span class='ocrx_word' id='word_1_15' title='bbox 1263 501 1445 575; x_wconf 78' lang='lat' dir='ltr'>manifestum</span> <span class='ocrx_word' id='word_1_16' title='bbox 1470 500 1544 559; x_wconf 89' lang='lat' dir='ltr'>adeo</span> 
     </span>
     <span class='ocr_line' id='line_1_3' title="bbox 263 604 886 683; baseline -0.005 -18"><span class='ocrx_word' id='word_1_17' title='bbox 263 623 410 675; x_wconf 88' lang='lat' dir='ltr'>errorem,</span> <span class='ocrx_word' id='word_1_18' title='bbox 433 613 517 665; x_wconf 81' lang='lat' dir='ltr'>atrox</span> <span class='ocrx_word' id='word_1_19' title='bbox 540 604 651 664; x_wconf 87' lang='lat' dir='ltr'>lacinus</span> <span class='ocrx_word' id='word_1_20' title='bbox 673 621 804 683; x_wconf 82' lang='lat' dir='ltr'>praeceps</span> <span class='ocrx_word' id='word_1_21' title='bbox 825 605 886 664; x_wconf 85' lang='lat' dir='ltr'>irei</span> 
     </span>
     <span class='ocr_line' id='line_1_4' title="bbox 261 701 1544 785; baseline -0.005 -15"><span class='ocrx_word' id='word_1_22' title='bbox 261 701 383 783; x_wconf 55' lang='lat'>33:32¹!</span> <span class='ocrx_word' id='word_1_23' title='bbox 447 727 595 768; x_wconf 79' lang='lat' dir='ltr'>uonrron.</span> <span class='ocrx_word' id='word_1_24' title='bbox 635 706 724 766; x_wconf 89' lang='lat' dir='ltr'>Video</span> <span class='ocrx_word' id='word_1_25' title='bbox 751 704 822 766; x_wconf 92' lang='lat' dir='ltr'>nibil</span> <span class='ocrx_word' id='word_1_26' title='bbox 851 705 887 766; x_wconf 95' lang='lat' dir='ltr'>ab</span> <span class='ocrx_word' id='word_1_27' title='bbox 921 706 1029 785; x_wconf 89' lang='lat' dir='ltr'>optima</span> <span class='ocrx_word' id='word_1_28' title='bbox 1062 706 1176 766; x_wconf 87' lang='lat' dir='ltr'>ratione</span> <span class='ocrx_word' id='word_1_29' title='bbox 1208 703 1334 765; x_wconf 90' lang='lat' dir='ltr'>alienum</span> <span class='ocrx_word' id='word_1_30' title='bbox 1368 704 1466 763; x_wconf 90' lang='lat' dir='ltr'>conari</span> <span class='ocrx_word' id='word_1_31' title='bbox 1500 711 1544 763; x_wconf 85' lang='lat' dir='ltr'>te:</span> 
     </span>
     <span class='ocr_line' id='line_1_5' title="bbox 264 805 1545 886; baseline -0.001 -20"><span class='ocrx_word' id='word_1_32' title='bbox 264 809 362 886; x_wconf 86' lang='lat' dir='ltr'>itaque</span> <span class='ocrx_word' id='word_1_33' title='bbox 384 825 442 869; x_wconf 88' lang='lat' dir='ltr'>non</span> <span class='ocrx_word' id='word_1_34' title='bbox 465 806 585 885; x_wconf 89' lang='lat' dir='ltr'>pudebit</span> <span class='ocrx_word' id='word_1_35' title='bbox 607 827 654 868; x_wconf 89' lang='lat' dir='ltr'>me</span> <span class='ocrx_word' id='word_1_36' title='bbox 677 807 847 878; x_wconf 89' lang='lat' dir='ltr'>consilium,</span> <span class='ocrx_word' id='word_1_37' title='bbox 870 809 952 869; x_wconf 89' lang='lat' dir='ltr'>cuius</span> <span class='ocrx_word' id='word_1_38' title='bbox 973 807 1025 868; x_wconf 90' lang='lat' dir='ltr'>tibi</span> <span class='ocrx_word' id='word_1_39' title='bbox 1048 807 1154 868; x_wconf 89' lang='lat' dir='ltr'>author</span> <span class='ocrx_word' id='word_1_40' title='bbox 1176 825 1240 868; x_wconf 89' lang='lat' dir='ltr'>esse</span> <span class='ocrx_word' id='word_1_41' title='bbox 1263 806 1354 875; x_wconf 88' lang='lat' dir='ltr'>volui,</span> <span class='ocrx_word' id='word_1_42' title='bbox 1377 805 1545 884; x_wconf 86' lang='lat' dir='ltr'>improbare</span> 
     </span>
     <span class='ocr_line' id='line_1_6' title="bbox 264 908 1567 989; baseline -0.002 -21"><span class='ocrx_word' id='word_1_43' title='bbox 264 908 386 989; x_wconf 90' lang='lat' dir='ltr'>posthac</span> <span class='ocrx_word' id='word_1_44' title='bbox 407 916 436 970; x_wconf 90' lang='lat' dir='ltr'>et</span> <span class='ocrx_word' id='word_1_45' title='bbox 457 909 570 970; x_wconf 82' lang='lat' dir='ltr'>diversa</span> <span class='ocrx_word' id='word_1_46' title='bbox 593 910 684 989; x_wconf 86' lang='lat' dir='ltr'>sequi.</span> <span class='ocrx_word' id='word_1_47' title='bbox 1555 920 1567 959; x_wconf 75' lang='lat'>⁵</span> 
     </span>
     <span class='ocr_line' id='line_1_7' title="bbox 196 1010 1548 1088; baseline -0.005 -13"><span class='ocrx_word' id='word_1_48' title='bbox 196 1026 256 1075; x_wconf 81' lang='lat' dir='ltr'>lu.</span> <span class='ocrx_word' id='word_1_49' title='bbox 327 1031 525 1073; x_wconf 80' lang='lat' dir='ltr'>rnaumscvs.</span> <span class='ocrx_word' id='word_1_50' title='bbox 563 1011 625 1071; x_wconf 90' lang='lat' dir='ltr'>Hoc</span> <span class='ocrx_word' id='word_1_51' title='bbox 641 1018 671 1070; x_wconf 97' lang='lat' dir='ltr'>tu</span> <span class='ocrx_word' id='word_1_52' title='bbox 688 1010 807 1081; x_wconf 86' lang='lat' dir='ltr'>rideris,</span> <span class='ocrx_word' id='word_1_53' title='bbox 824 1012 894 1072; x_wconf 84' lang='lat' dir='ltr'>nribi</span> <span class='ocrx_word' id='word_1_54' title='bbox 910 1011 957 1072; x_wconf 91' lang='lat' dir='ltr'>ille</span> <span class='ocrx_word' id='word_1_55' title='bbox 972 1011 1157 1072; x_wconf 76' lang='lat' dir='ltr'>vehementer</span> <span class='ocrx_word' id='word_1_56' title='bbox 1173 1028 1251 1071; x_wconf 83' lang='lat' dir='ltr'>curae</span> <span class='ocrx_word' id='word_1_57' title='bbox 1266 1019 1324 1078; x_wconf 82' lang='lat' dir='ltr'>est,</span> <span class='ocrx_word' id='word_1_58' title='bbox 1340 1011 1405 1088; x_wconf 70' lang='lat' dir='ltr'>crui,</span> <span class='ocrx_word' id='word_1_59' title='bbox 1422 1029 1489 1070; x_wconf 89' lang='lat' dir='ltr'>curn</span> <span class='ocrx_word' id='word_1_60' title='bbox 1504 1017 1548 1069; x_wconf 86' lang='lat' dir='ltr'>tot</span> 
     </span>
     <span class='ocr_line' id='line_1_8' title="bbox 263 1111 1547 1194; baseline -0.002 -21"><span class='ocrx_word' id='word_1_61' title='bbox 263 1120 451 1191; x_wconf 81' lang='lat' dir='ltr'>restemque</span> <span class='ocrx_word' id='word_1_62' title='bbox 474 1113 645 1172; x_wconf 79' lang='lat' dir='ltr'>necessariae</span> <span class='ocrx_word' id='word_1_63' title='bbox 667 1114 803 1189; x_wconf 79' lang='lat' dir='ltr'>gerendae</span> <span class='ocrx_word' id='word_1_64' title='bbox 824 1114 881 1174; x_wconf 88' lang='lat' dir='ltr'>iam</span> <span class='ocrx_word' id='word_1_65' title='bbox 904 1115 976 1185; x_wconf 90' lang='lat' dir='ltr'>sint,</span> <span class='ocrx_word' id='word_1_66' title='bbox 1005 1113 1189 1194; x_wconf 78' lang='lat' dir='ltr'>nequissimis</span> <span class='ocrx_word' id='word_1_67' title='bbox 1211 1111 1376 1172; x_wconf 89' lang='lat' dir='ltr'>bominibus</span> <span class='ocrx_word' id='word_1_68' title='bbox 1398 1111 1434 1172; x_wconf 90' lang='lat' dir='ltr'>ad</span> <span class='ocrx_word' id='word_1_69' title='bbox 1456 1128 1547 1188; x_wconf 91' lang='lat' dir='ltr'>nego·</span> 
     </span>
     <span class='ocr_line' id='line_1_9' title="bbox 263 1212 1547 1295; baseline -0.002 -20"><span class='ocrx_word' id='word_1_70' title='bbox 263 1215 302 1275; x_wconf 90' lang='lat' dir='ltr'>tia</span> <span class='ocrx_word' id='word_1_71' title='bbox 326 1212 432 1275; x_wconf 87' lang='lat' dir='ltr'>nullius</span> <span class='ocrx_word' id='word_1_72' title='bbox 454 1213 538 1275; x_wconf 83' lang='lat' dir='ltr'>bonae</span> <span class='ocrx_word' id='word_1_73' title='bbox 554 1213 647 1293; x_wconf 80' lang='lat' dir='ltr'>frugis</span> <span class='ocrx_word' id='word_1_74' title='bbox 662 1214 841 1276; x_wconf 89' lang='lat' dir='ltr'>abutendum</span> <span class='ocrx_word' id='word_1_75' title='bbox 856 1233 887 1276; x_wconf 90' lang='lat' dir='ltr'>se</span> <span class='ocrx_word' id='word_1_76' title='bbox 903 1215 1028 1294; x_wconf 67' lang='lat' dir='ltr'>praebet:</span> <span class='ocrx_word' id='word_1_77' title='bbox 1052 1234 1138 1295; x_wconf 86' lang='lat' dir='ltr'>quarn</span> <span class='ocrx_word' id='word_1_78' title='bbox 1155 1222 1223 1274; x_wconf 91' lang='lat' dir='ltr'>sunt</span> <span class='ocrx_word' id='word_1_79' title='bbox 1237 1213 1325 1274; x_wconf 87' lang='lat' dir='ltr'>multa</span> <span class='ocrx_word' id='word_1_80' title='bbox 1343 1215 1419 1274; x_wconf 74' lang='lat' dir='ltr'>renim</span> <span class='ocrx_word' id='word_1_81' title='bbox 1435 1213 1547 1290; x_wconf 84' lang='lat' dir='ltr'>agenda</span> 
     </span>
     <span class='ocr_line' id='line_1_10' title="bbox 263 1314 1547 1400; baseline -0.003 -23"><span class='ocrx_word' id='word_1_82' title='bbox 263 1314 460 1400; x_wconf 55' lang='lat' dir='ltr'>ssfflfissbssfl&#39;l</span> <span class='ocrx_word' id='word_1_83' title='bbox 482 1315 490 1385; x_wconf 95' lang='grc' dir='ltr'>Ι</span> <span class='ocrx_word' id='word_1_84' title='bbox 512 1319 594 1395; x_wconf 89' lang='lat' dir='ltr'>prius</span> <span class='ocrx_word' id='word_1_85' title='bbox 615 1315 654 1376; x_wconf 91' lang='lat' dir='ltr'>illi</span> <span class='ocrx_word' id='word_1_86' title='bbox 677 1336 764 1396; x_wconf 87' lang='lat' dir='ltr'>quarn</span> <span class='ocrx_word' id='word_1_87' title='bbox 787 1318 983 1379; x_wconf 89' lang='lat' dir='ltr'>iuociosorum</span> <span class='ocrx_word' id='word_1_88' title='bbox 999 1316 1230 1378; x_wconf 84' lang='lat' dir='ltr'>sacrificulorum</span> <span class='ocrx_word' id='word_1_89' title='bbox 1246 1315 1479 1376; x_wconf 76' lang='lat' dir='ltr'>sollicitationum</span> <span class='ocrx_word' id='word_1_90' title='bbox 1496 1314 1547 1375; x_wconf 90' lang='lat' dir='ltr'>ali·</span> 
     </span>
     <span class='ocr_line' id='line_1_11' title="bbox 264 1416 1581 1498; baseline -0.002 -20"><span class='ocrx_word' id='word_1_91' title='bbox 264 1418 333 1498; x_wconf 89' lang='lat' dir='ltr'>quid</span> <span class='ocrx_word' id='word_1_92' title='bbox 356 1436 434 1479; x_wconf 82' lang='lat' dir='ltr'>curae</span> <span class='ocrx_word' id='word_1_93' title='bbox 455 1419 615 1496; x_wconf 75' lang='lat' dir='ltr'>partiatur?</span> <span class='ocrx_word' id='word_1_94' title='bbox 643 1437 709 1479; x_wconf 91' lang='lat' dir='ltr'>uam</span> <span class='ocrx_word' id='word_1_95' title='bbox 733 1427 762 1479; x_wconf 93' lang='lat' dir='ltr'>et</span> <span class='ocrx_word' id='word_1_96' title='bbox 783 1417 931 1480; x_wconf 87' lang='lat' dir='ltr'>latrocinia</span> <span class='ocrx_word' id='word_1_97' title='bbox 955 1418 1110 1480; x_wconf 89' lang='lat' dir='ltr'>inhibenda</span> <span class='ocrx_word' id='word_1_98' title='bbox 1133 1438 1168 1479; x_wconf 89' lang='lat' dir='ltr'>ac</span> <span class='ocrx_word' id='word_1_99' title='bbox 1189 1416 1354 1496; x_wconf 78' lang='lat' dir='ltr'>monopolio</span> <span class='ocrx_word' id='word_1_100' title='bbox 1376 1416 1544 1484; x_wconf 88' lang='lat' dir='ltr'>aulereuda,</span> <span class='ocrx_word' id='word_1_101' title='bbox 1558 1429 1581 1468; x_wconf 79' lang='lat'>¹⁰</span> 
     </span>
     <span class='ocr_line' id='line_1_12' title="bbox 264 1516 1547 1599; baseline -0.005 -18"><span class='ocrx_word' id='word_1_102' title='bbox 264 1528 294 1581; x_wconf 90' lang='lat' dir='ltr'>et</span> <span class='ocrx_word' id='word_1_103' title='bbox 319 1521 556 1598; x_wconf 84' lang='lat' dir='ltr'>recognoscenda</span> <span class='ocrx_word' id='word_1_104' title='bbox 585 1522 694 1581; x_wconf 77' lang='lat' dir='ltr'>indicite</span> <span class='ocrx_word' id='word_1_105' title='bbox 722 1520 910 1582; x_wconf 82' lang='lat' dir='ltr'>sacerdotum</span> <span class='ocrx_word' id='word_1_106' title='bbox 940 1521 1059 1599; x_wconf 91' lang='lat' dir='ltr'>collegia</span> <span class='ocrx_word' id='word_1_107' title='bbox 1091 1538 1253 1598; x_wconf 83' lang='lat' dir='ltr'>magnaque</span> <span class='ocrx_word' id='word_1_108' title='bbox 1283 1537 1318 1578; x_wconf 82' lang='lat' dir='ltr'>ex</span> <span class='ocrx_word' id='word_1_109' title='bbox 1340 1525 1423 1595; x_wconf 88' lang='lat' dir='ltr'>parte</span> <span class='ocrx_word' id='word_1_110' title='bbox 1445 1516 1547 1578; x_wconf 90' lang='lat' dir='ltr'>dissol-</span> 
     </span>
     <span class='ocr_line' id='line_1_13' title="bbox 267 1620 1549 1702; baseline -0.002 -21"><span class='ocrx_word' id='word_1_111' title='bbox 267 1622 368 1690; x_wconf 81' lang='lat' dir='ltr'>venda,</span> <span class='ocrx_word' id='word_1_112' title='bbox 392 1629 420 1682; x_wconf 91' lang='lat' dir='ltr'>et</span> <span class='ocrx_word' id='word_1_113' title='bbox 441 1623 652 1683; x_wconf 82' lang='lat' dir='ltr'>causidicorum</span> <span class='ocrx_word' id='word_1_114' title='bbox 676 1623 886 1702; x_wconf 88' lang='lat' dir='ltr'>compescenda</span> <span class='ocrx_word' id='word_1_115' title='bbox 910 1624 1014 1690; x_wconf 87' lang='lat' dir='ltr'>rabies,</span> <span class='ocrx_word' id='word_1_116' title='bbox 1037 1643 1071 1682; x_wconf 89' lang='lat' dir='ltr'>ac</span> <span class='ocrx_word' id='word_1_117' title='bbox 1092 1620 1208 1701; x_wconf 86' lang='lat' dir='ltr'>publica</span> <span class='ocrx_word' id='word_1_118' title='bbox 1230 1621 1343 1682; x_wconf 83' lang='lat' dir='ltr'>luxuria</span> <span class='ocrx_word' id='word_1_119' title='bbox 1359 1620 1549 1680; x_wconf 82' lang='lat' dir='ltr'>severissimis</span> 
     </span>
    </p>

    <p class='ocr_par' dir='ltr' id='par_1_3' title="bbox 197 1721 1584 2313">
     <span class='ocr_line' id='line_1_14' title="bbox 197 1721 1549 1804; baseline 0 -24"><span class='ocrx_word' id='word_1_120' title='bbox 197 1724 430 1789; x_wconf 63' lang='lat' dir='ltr'>§.coeoerceuda</span> <span class='ocrx_word' id='word_1_121' title='bbox 444 1724 566 1802; x_wconf 77' lang='lat' dir='ltr'>legibus</span> <span class='ocrx_word' id='word_1_122' title='bbox 590 1725 678 1785; x_wconf 92' lang='lat' dir='ltr'>multa</span> <span class='ocrx_word' id='word_1_123' title='bbox 695 1742 850 1804; x_wconf 81' lang='lat' dir='ltr'>perperam</span> <span class='ocrx_word' id='word_1_124' title='bbox 865 1725 902 1785; x_wconf 90' lang='lat' dir='ltr'>ab</span> <span class='ocrx_word' id='word_1_125' title='bbox 918 1725 1043 1804; x_wconf 88' lang='lat' dir='ltr'>antiquis</span> <span class='ocrx_word' id='word_1_126' title='bbox 1057 1725 1164 1785; x_wconf 84' lang='lat' dir='ltr'>sarrcita</span> <span class='ocrx_word' id='word_1_127' title='bbox 1181 1722 1373 1784; x_wconf 86' lang='lat' dir='ltr'>retractanda.</span> <span class='ocrx_word' id='word_1_128' title='bbox 1408 1721 1464 1781; x_wconf 90' lang='lat' dir='ltr'>boc</span> <span class='ocrx_word' id='word_1_129' title='bbox 1480 1739 1549 1781; x_wconf 86' lang='lat' dir='ltr'>cero</span> 
     </span>
     <span class='ocr_line' id='line_1_15' title="bbox 266 1824 1549 1909; baseline -0.002 -23"><span class='ocrx_word' id='word_1_130' title='bbox 266 1824 371 1902; x_wconf 53' lang='grc' dir='ltr'>ξ’ξῃῑξζῑξῑ</span> <span class='ocrx_word' id='word_1_131' title='bbox 392 1837 399 1909; x_wconf 82' lang='grc' dir='ltr'>Ι</span> <span class='ocrx_word' id='word_1_132' title='bbox 422 1843 509 1905; x_wconf 81' lang='lat' dir='ltr'>quam</span> <span class='ocrx_word' id='word_1_133' title='bbox 536 1843 656 1887; x_wconf 89' lang='lat' dir='ltr'>necesse</span> <span class='ocrx_word' id='word_1_134' title='bbox 686 1826 786 1895; x_wconf 90' lang='lat' dir='ltr'>inerit,</span> <span class='ocrx_word' id='word_1_135' title='bbox 816 1827 982 1887; x_wconf 88' lang='lat' dir='ltr'>aiilueutem</span> <span class='ocrx_word' id='word_1_136' title='bbox 1011 1827 1132 1887; x_wconf 78' lang='lat' dir='ltr'>fratrum</span> <span class='ocrx_word' id='word_1_137' title='bbox 1162 1832 1192 1887; x_wconf 91' lang='lat' dir='ltr'>et</span> <span class='ocrx_word' id='word_1_138' title='bbox 1213 1825 1423 1886; x_wconf 86' lang='lat' dir='ltr'>monachorum</span> <span class='ocrx_word' id='word_1_139' title='bbox 1447 1841 1549 1885; x_wconf 85' lang='lat' dir='ltr'>nurne-</span> 
     </span>
     <span class='ocr_line' id='line_1_16' title="bbox 266 1927 1584 2007; baseline -0.005 -20"><span class='ocrx_word' id='word_1_140' title='bbox 266 1945 332 1989; x_wconf 88' lang='lat' dir='ltr'>rum</span> <span class='ocrx_word' id='word_1_141' title='bbox 354 1929 390 1988; x_wconf 91' lang='lat' dir='ltr'>ad</span> <span class='ocrx_word' id='word_1_142' title='bbox 412 1945 555 1989; x_wconf 89' lang='lat' dir='ltr'>summam</span> <span class='ocrx_word' id='word_1_143' title='bbox 578 1927 770 1989; x_wconf 85' lang='lat' dir='ltr'>caritudinem</span> <span class='ocrx_word' id='word_1_144' title='bbox 792 1936 820 1989; x_wconf 90' lang='lat' dir='ltr'>et</span> <span class='ocrx_word' id='word_1_145' title='bbox 843 1930 1015 2007; x_wconf 83' lang='lat' dir='ltr'>paucitatem</span> <span class='ocrx_word' id='word_1_146' title='bbox 1037 1928 1123 2004; x_wconf 88' lang='lat' dir='ltr'>louge</span> <span class='ocrx_word' id='word_1_147' title='bbox 1146 1935 1304 1989; x_wconf 84' lang='lat' dir='ltr'>extremam</span> <span class='ocrx_word' id='word_1_148' title='bbox 1327 1927 1476 2004; x_wconf 81' lang='lat' dir='ltr'>redigere,</span> <span class='ocrx_word' id='word_1_149' title='bbox 1498 1933 1546 1986; x_wconf 90' lang='lat' dir='ltr'>aut</span> <span class='ocrx_word' id='word_1_150' title='bbox 1560 1941 1584 1981; x_wconf 83' lang='lat' dir='ltr'>u</span> 
     </span>
     <span class='ocr_line' id='line_1_17' title="bbox 266 2027 1549 2109; baseline -0.002 -19"><span class='ocrx_word' id='word_1_151' title='bbox 266 2027 380 2106; x_wconf 50' lang='lat' dir='ltr'>illm·</span> <span class='ocrx_word' id='word_1_152' title='bbox 402 2027 410 2096; x_wconf 95' lang='grc' dir='ltr'>Ι</span> <span class='ocrx_word' id='word_1_153' title='bbox 432 2031 517 2090; x_wconf 89' lang='lat' dir='ltr'>etiam</span> <span class='ocrx_word' id='word_1_154' title='bbox 541 2048 575 2090; x_wconf 81' lang='lat' dir='ltr'>ex</span> <span class='ocrx_word' id='word_1_155' title='bbox 598 2037 659 2090; x_wconf 91' lang='lat' dir='ltr'>toto</span> <span class='ocrx_word' id='word_1_156' title='bbox 681 2030 800 2091; x_wconf 88' lang='lat' dir='ltr'>ordines</span> <span class='ocrx_word' id='word_1_157' title='bbox 822 2032 871 2109; x_wconf 80' lang='lat' dir='ltr'>qui</span> <span class='ocrx_word' id='word_1_158' title='bbox 893 2038 1033 2091; x_wconf 84' lang='lat' dir='ltr'>vocantur</span> <span class='ocrx_word' id='word_1_159' title='bbox 1055 2029 1173 2090; x_wconf 90' lang='lat' dir='ltr'>abolere</span> <span class='ocrx_word' id='word_1_160' title='bbox 1197 2037 1223 2089; x_wconf 88' lang='lat' dir='ltr'>et</span> <span class='ocrx_word' id='word_1_161' title='bbox 1247 2048 1363 2089; x_wconf 89' lang='lat' dir='ltr'>onmem</span> <span class='ocrx_word' id='word_1_162' title='bbox 1385 2027 1476 2089; x_wconf 83' lang='lat' dir='ltr'>semel</span> <span class='ocrx_word' id='word_1_163' title='bbox 1498 2046 1549 2088; x_wconf 89' lang='lat' dir='ltr'>au·</span> 
     </span>
     <span class='ocr_line' id='line_1_18' title="bbox 268 2129 1550 2211; baseline -0.003 -19"><span class='ocrx_word' id='word_1_164' title='bbox 268 2132 348 2192; x_wconf 88' lang='lat' dir='ltr'>lerro</span> <span class='ocrx_word' id='word_1_165' title='bbox 369 2131 565 2211; x_wconf 74' lang='lat' dir='ltr'>hypocrisim?</span> <span class='ocrx_word' id='word_1_166' title='bbox 593 2138 735 2209; x_wconf 81' lang='lat' dir='ltr'>praeterea</span> <span class='ocrx_word' id='word_1_167' title='bbox 765 2130 854 2193; x_wconf 92' lang='lat' dir='ltr'>libido</span> <span class='ocrx_word' id='word_1_168' title='bbox 877 2134 984 2210; x_wconf 89' lang='lat' dir='ltr'>passim</span> <span class='ocrx_word' id='word_1_169' title='bbox 1007 2130 1139 2200; x_wconf 81' lang='lat' dir='ltr'>incaluit,</span> <span class='ocrx_word' id='word_1_170' title='bbox 1168 2132 1399 2209; x_wconf 88' lang='lat' dir='ltr'>constringatur;</span> <span class='ocrx_word' id='word_1_171' title='bbox 1435 2129 1550 2192; x_wconf 88' lang='lat' dir='ltr'>mundi·</span> 
     </span>
     <span class='ocr_line' id='line_1_19' title="bbox 268 2231 1550 2313; baseline -0.002 -20"><span class='ocrx_word' id='word_1_172' title='bbox 268 2235 314 2294; x_wconf 88' lang='lat' dir='ltr'>tiis</span> <span class='ocrx_word' id='word_1_173' title='bbox 336 2234 468 2295; x_wconf 80' lang='lat' dir='ltr'>laomines</span> <span class='ocrx_word' id='word_1_174' title='bbox 490 2233 607 2294; x_wconf 89' lang='lat' dir='ltr'>student</span> <span class='ocrx_word' id='word_1_175' title='bbox 629 2233 694 2312; x_wconf 93' lang='lat' dir='ltr'>plus</span> <span class='ocrx_word' id='word_1_176' title='bbox 716 2253 802 2313; x_wconf 79' lang='lat' dir='ltr'>ipram</span> <span class='ocrx_word' id='word_1_177' title='bbox 826 2234 1035 2305; x_wconf 83' lang='lat' dir='ltr'>muliebribus,</span> <span class='ocrx_word' id='word_1_178' title='bbox 1059 2233 1220 2295; x_wconf 85' lang='lat' dir='ltr'>intercedat</span> <span class='ocrx_word' id='word_1_179' title='bbox 1240 2232 1276 2293; x_wconf 90' lang='lat' dir='ltr'>ad</span> <span class='ocrx_word' id='word_1_180' title='bbox 1299 2231 1429 2292; x_wconf 88' lang='lat' dir='ltr'>laborem</span> <span class='ocrx_word' id='word_1_181' title='bbox 1453 2243 1481 2291; x_wconf 86' lang='lat' dir='ltr'>et</span> <span class='ocrx_word' id='word_1_182' title='bbox 1496 2232 1550 2292; x_wconf 93' lang='lat' dir='ltr'>du·</span> 
     </span>
    </p>

    <p class='ocr_par' dir='ltr' id='par_1_4' title="bbox 201 2334 1579 2619">
     <span class='ocr_line' id='line_1_20' title="bbox 201 2334 1550 2414; baseline -0.006 -12"><span class='ocrx_word' id='word_1_183' title='bbox 201 2334 367 2412; x_wconf 61' lang='lat' dir='ltr'>l.rr.‡l‘,ljg’‚⁶‚f⁰</span> <span class='ocrx_word' id='word_1_184' title='bbox 390 2343 397 2412; x_wconf 81' lang='grc' dir='ltr'>Ι</span> <span class='ocrx_word' id='word_1_185' title='bbox 419 2336 513 2397; x_wconf 89' lang='lat' dir='ltr'>ritiem</span> <span class='ocrx_word' id='word_1_186' title='bbox 537 2338 658 2397; x_wconf 87' lang='lat' dir='ltr'>coactio.</span> <span class='ocrx_word' id='word_1_187' title='bbox 702 2336 825 2397; x_wconf 86' lang='lat' dir='ltr'>decebat</span> <span class='ocrx_word' id='word_1_188' title='bbox 847 2337 932 2397; x_wconf 86' lang='lat' dir='ltr'>etiam</span> <span class='ocrx_word' id='word_1_189' title='bbox 961 2336 1187 2397; x_wconf 82' lang='lat' dir='ltr'>valentissimum</span> <span class='ocrx_word' id='word_1_190' title='bbox 1216 2353 1362 2414; x_wconf 79' lang='lat' dir='ltr'>quumque</span> <span class='ocrx_word' id='word_1_191' title='bbox 1392 2341 1420 2394; x_wconf 92' lang='lat' dir='ltr'>et</span> <span class='ocrx_word' id='word_1_192' title='bbox 1448 2336 1550 2411; x_wconf 81' lang='lat' dir='ltr'>primae</span> 
     </span>
     <span class='ocr_line' id='line_1_21' title="bbox 268 2434 1579 2516; baseline -0.003 -18"><span class='ocrx_word' id='word_1_193' title='bbox 268 2439 396 2507; x_wconf 88' lang='lat' dir='ltr'>virtutis,</span> <span class='ocrx_word' id='word_1_194' title='bbox 425 2457 524 2499; x_wconf 86' lang='lat' dir='ltr'>senem</span> <span class='ocrx_word' id='word_1_195' title='bbox 553 2446 603 2498; x_wconf 90' lang='lat' dir='ltr'>aut</span> <span class='ocrx_word' id='word_1_196' title='bbox 624 2440 773 2507; x_wconf 87' lang='lat' dir='ltr'>iuvenem,</span> <span class='ocrx_word' id='word_1_197' title='bbox 804 2437 965 2498; x_wconf 83' lang='lat' dir='ltr'>horroribus</span> <span class='ocrx_word' id='word_1_198' title='bbox 986 2457 1020 2498; x_wconf 86' lang='lat' dir='ltr'>ac</span> <span class='ocrx_word' id='word_1_199' title='bbox 1042 2438 1168 2516; x_wconf 66' lang='lat' dir='ltr'>praesuiis</span> <span class='ocrx_word' id='word_1_200' title='bbox 1189 2436 1330 2504; x_wconf 82' lang='lat' dir='ltr'>adlicere,</span> <span class='ocrx_word' id='word_1_201' title='bbox 1354 2434 1579 2514; x_wconf 77' lang='lat' dir='ltr'>quemadmoao</span> 
     </span>
     <span class='ocr_line' id='line_1_22' title="bbox 270 2537 1551 2619; baseline -0.003 -18"><span class='ocrx_word' id='word_1_202' title='bbox 270 2541 339 2601; x_wconf 86' lang='lat' dir='ltr'>dum</span> <span class='ocrx_word' id='word_1_203' title='bbox 363 2549 392 2602; x_wconf 90' lang='lat' dir='ltr'>et</span> <span class='ocrx_word' id='word_1_204' title='bbox 413 2542 461 2609; x_wconf 89' lang='lat' dir='ltr'>iis,</span> <span class='ocrx_word' id='word_1_205' title='bbox 485 2558 614 2619; x_wconf 61' lang='lat' dir='ltr'>quorum⁴</span> <span class='ocrx_word' id='word_1_206' title='bbox 633 2547 787 2619; x_wconf 88' lang='lat' dir='ltr'>perspecta</span> <span class='ocrx_word' id='word_1_207' title='bbox 809 2541 926 2618; x_wconf 84' lang='lat' dir='ltr'>egregia</span> <span class='ocrx_word' id='word_1_208' title='bbox 948 2540 1016 2600; x_wconf 91' lang='lat' dir='ltr'>belli</span> <span class='ocrx_word' id='word_1_209' title='bbox 1039 2540 1166 2601; x_wconf 80' lang='lat' dir='ltr'>facinora</span> <span class='ocrx_word' id='word_1_210' title='bbox 1188 2545 1271 2606; x_wconf 81' lang='lat' dir='ltr'>surrt,</span> <span class='ocrx_word' id='word_1_211' title='bbox 1296 2537 1480 2599; x_wconf 86' lang='lat' dir='ltr'>decernenda</span> <span class='ocrx_word' id='word_1_212' title='bbox 1503 2556 1551 2597; x_wconf 93' lang='lat' dir='ltr'>or·</span> 
     </span>
    </p>

    <p class='ocr_par' dir='ltr' id='par_1_5' title="bbox 201 2638 1586 3026">
     <span class='ocr_line' id='line_1_23' title="bbox 201 2638 1551 2721; baseline -0.001 -21"><span class='ocrx_word' id='word_1_213' title='bbox 201 2652 420 2711; x_wconf 66' lang='lat' dir='ltr'>§.mriaurentm</span> <span class='ocrx_word' id='word_1_214' title='bbox 448 2651 548 2704; x_wconf 89' lang='lat' dir='ltr'>contra</span> <span class='ocrx_word' id='word_1_215' title='bbox 579 2643 697 2704; x_wconf 80' lang='lat' dir='ltr'>iactandi</span> <span class='ocrx_word' id='word_1_216' title='bbox 726 2643 773 2721; x_wconf 82' lang='lat' dir='ltr'>cpri</span> <span class='ocrx_word' id='word_1_217' title='bbox 801 2659 832 2700; x_wconf 84' lang='lat' dir='ltr'>se</span> <span class='ocrx_word' id='word_1_218' title='bbox 860 2639 1021 2702; x_wconf 85' lang='lat' dir='ltr'>sceleribus</span> <span class='ocrx_word' id='word_1_219' title='bbox 1049 2642 1277 2702; x_wconf 84' lang='lat' dir='ltr'>obstrinxerunt.</span> <span class='ocrx_word' id='word_1_220' title='bbox 1323 2639 1396 2700; x_wconf 88' lang='lat' dir='ltr'>Nam</span> <span class='ocrx_word' id='word_1_221' title='bbox 1424 2638 1461 2698; x_wconf 95' lang='lat' dir='ltr'>ad</span> <span class='ocrx_word' id='word_1_222' title='bbox 1488 2657 1551 2699; x_wconf 89' lang='lat' dir='ltr'>reru</span> 
     </span>
     <span class='ocr_line' id='line_1_24' title="bbox 269 2742 1552 2823; baseline -0.004 -18"><span class='ocrx_word' id='word_1_223' title='bbox 269 2743 355 2819; x_wconf 55' lang='lat'>223⁰·</span> <span class='ocrx_word' id='word_1_224' title='bbox 378 2745 384 2813; x_wconf 98' lang='grc' dir='ltr'>Ι</span> <span class='ocrx_word' id='word_1_225' title='bbox 408 2746 601 2805; x_wconf 87' lang='lat' dir='ltr'>nummariam</span> <span class='ocrx_word' id='word_1_226' title='bbox 624 2744 702 2823; x_wconf 85' lang='lat' dir='ltr'>qrrcd</span> <span class='ocrx_word' id='word_1_227' title='bbox 725 2743 862 2822; x_wconf 86' lang='lat' dir='ltr'>pertinet,</span> <span class='ocrx_word' id='word_1_228' title='bbox 891 2745 1106 2820; x_wconf 89' lang='lat' dir='ltr'>procurandam</span> <span class='ocrx_word' id='word_1_229' title='bbox 1130 2761 1193 2804; x_wconf 89' lang='lat' dir='ltr'>eam</span> <span class='ocrx_word' id='word_1_230' title='bbox 1216 2745 1347 2803; x_wconf 86' lang='lat' dir='ltr'>existimo</span> <span class='ocrx_word' id='word_1_231' title='bbox 1370 2742 1417 2801; x_wconf 91' lang='lat' dir='ltr'>bic</span> <span class='ocrx_word' id='word_1_232' title='bbox 1438 2747 1552 2800; x_wconf 89' lang='lat' dir='ltr'>retento</span> 
     </span>
     <span class='ocr_line' id='line_1_25' title="bbox 269 2842 1551 2925; baseline -0.001 -21"><span class='ocrx_word' id='word_1_233' title='bbox 269 2847 346 2923; x_wconf 77' lang='lat' dir='ltr'>‹pircid</span> <span class='ocrx_word' id='word_1_234' title='bbox 370 2845 501 2906; x_wconf 86' lang='lat' dir='ltr'>llornauo</span> <span class='ocrx_word' id='word_1_235' title='bbox 522 2846 654 2906; x_wconf 76' lang='lat' dir='ltr'>l‘outillci</span> <span class='ocrx_word' id='word_1_236' title='bbox 676 2846 812 2907; x_wconf 81' lang='lat' dir='ltr'>deferunt</span> <span class='ocrx_word' id='word_1_237' title='bbox 834 2845 991 2911; x_wconf 81' lang='lat' dir='ltr'>Cirrtisaui,</span> <span class='ocrx_word' id='word_1_238' title='bbox 1021 2854 1049 2906; x_wconf 91' lang='lat' dir='ltr'>et</span> <span class='ocrx_word' id='word_1_239' title='bbox 1071 2845 1266 2925; x_wconf 81' lang='lat' dir='ltr'>qrrodcunque</span> <span class='ocrx_word' id='word_1_240' title='bbox 1288 2863 1341 2924; x_wconf 92' lang='lat' dir='ltr'>per</span> <span class='ocrx_word' id='word_1_241' title='bbox 1363 2842 1440 2904; x_wconf 88' lang='lat' dir='ltr'>illam</span> <span class='ocrx_word' id='word_1_242' title='bbox 1463 2843 1551 2903; x_wconf 88' lang='lat' dir='ltr'>beue·</span> 
     </span>
     <span class='ocr_line' id='line_1_26' title="bbox 272 2945 1586 3026; baseline -0.004 -19"><span class='ocrx_word' id='word_1_243' title='bbox 272 2947 403 3007; x_wconf 84' lang='lat' dir='ltr'>liciorum</span> <span class='ocrx_word' id='word_1_244' title='bbox 427 2948 652 3024; x_wconf 84' lang='lat' dir='ltr'>negotiationem</span> <span class='ocrx_word' id='word_1_245' title='bbox 674 2967 709 3008; x_wconf 94' lang='lat' dir='ltr'>eo</span> <span class='ocrx_word' id='word_1_246' title='bbox 732 2948 821 3015; x_wconf 89' lang='lat' dir='ltr'>redit,</span> <span class='ocrx_word' id='word_1_247' title='bbox 845 2947 980 3026; x_wconf 83' lang='lat' dir='ltr'>qcrodcpre</span> <span class='ocrx_word' id='word_1_248' title='bbox 1003 2965 1056 3023; x_wconf 89' lang='lat' dir='ltr'>pru</span> <span class='ocrx_word' id='word_1_249' title='bbox 1072 2947 1272 3024; x_wconf 83' lang='lat' dir='ltr'>nugacissimis</span> <span class='ocrx_word' id='word_1_250' title='bbox 1287 2945 1435 3006; x_wconf 90' lang='lat' dir='ltr'>mercibus</span> <span class='ocrx_word' id='word_1_251' title='bbox 1449 2946 1485 3006; x_wconf 91' lang='lat' dir='ltr'>ad</span> <span class='ocrx_word' id='word_1_252' title='bbox 1501 2964 1586 3006; x_wconf 60' lang='lat' dir='ltr'>envas</span> 
     </span>
    </p>

    <p class='ocr_par' dir='ltr' id='par_1_6' title="bbox 202 3047 1587 3534">
     <span class='ocr_line' id='line_1_27' title="bbox 202 3047 1552 3133; baseline -0.001 -25"><span class='ocrx_word' id='word_1_253' title='bbox 202 3062 392 3133; x_wconf 52' lang='lat' dir='ltr'>§.reamari-1</span> <span class='ocrx_word' id='word_1_254' title='bbox 415 3057 512 3109; x_wconf 88' lang='lat' dir='ltr'>ternas</span> <span class='ocrx_word' id='word_1_255' title='bbox 535 3051 665 3110; x_wconf 89' lang='lat' dir='ltr'>nationes</span> <span class='ocrx_word' id='word_1_256' title='bbox 680 3049 823 3110; x_wconf 80' lang='lat' dir='ltr'>l&#39;uccberi</span> <span class='ocrx_word' id='word_1_257' title='bbox 846 3049 1010 3127; x_wconf 88' lang='lat' dir='ltr'>deportant.</span> <span class='ocrx_word' id='word_1_258' title='bbox 1055 3049 1124 3110; x_wconf 81' lang='lat' dir='ltr'>llaec</span> <span class='ocrx_word' id='word_1_259' title='bbox 1146 3055 1174 3109; x_wconf 92' lang='lat' dir='ltr'>et</span> <span class='ocrx_word' id='word_1_260' title='bbox 1197 3047 1361 3109; x_wconf 85' lang='lat' dir='ltr'>huiusmodi</span> <span class='ocrx_word' id='word_1_261' title='bbox 1383 3048 1492 3108; x_wconf 88' lang='lat' dir='ltr'>intinita</span> <span class='ocrx_word' id='word_1_262' title='bbox 1515 3049 1552 3107; x_wconf 89' lang='lat' dir='ltr'>si·</span> 
     </span>
     <span class='ocr_line' id='line_1_28' title="bbox 271 3149 1551 3231; baseline 0 -23"><span class='ocrx_word' id='word_1_263' title='bbox 271 3149 387 3227; x_wconf 81' lang='lat' dir='ltr'>quando</span> <span class='ocrx_word' id='word_1_264' title='bbox 411 3158 549 3211; x_wconf 84' lang='lat' dir='ltr'>executus</span> <span class='ocrx_word' id='word_1_265' title='bbox 570 3150 618 3212; x_wconf 90' lang='lat' dir='ltr'>ille</span> <span class='ocrx_word' id='word_1_266' title='bbox 641 3152 741 3221; x_wconf 87' lang='lat' dir='ltr'>luerit,</span> <span class='ocrx_word' id='word_1_267' title='bbox 765 3159 834 3212; x_wconf 90' lang='lat' dir='ltr'>tunc</span> <span class='ocrx_word' id='word_1_268' title='bbox 855 3151 963 3231; x_wconf 88' lang='lat' dir='ltr'>poterit</span> <span class='ocrx_word' id='word_1_269' title='bbox 985 3152 1014 3211; x_wconf 91' lang='lat' dir='ltr'>in</span> <span class='ocrx_word' id='word_1_270' title='bbox 1037 3153 1101 3211; x_wconf 90' lang='lat' dir='ltr'>ocio</span> <span class='ocrx_word' id='word_1_271' title='bbox 1124 3169 1189 3229; x_wconf 77' lang='lat' dir='ltr'>quire</span> <span class='ocrx_word' id='word_1_272' title='bbox 1210 3150 1245 3210; x_wconf 90' lang='lat' dir='ltr'>ad</span> <span class='ocrx_word' id='word_1_273' title='bbox 1269 3167 1381 3210; x_wconf 89' lang='lat' dir='ltr'>senon</span> <span class='ocrx_word' id='word_1_274' title='bbox 1403 3151 1551 3228; x_wconf 91' lang='lat' dir='ltr'>pertinent</span> 
     </span>
     <span class='ocr_line' id='line_1_29' title="bbox 272 3248 1553 3333; baseline -0.005 -16"><span class='ocrx_word' id='word_1_275' title='bbox 272 3269 378 3305; x_wconf 63' lang='lat' dir='ltr'>ruram..</span> <span class='ocrx_word' id='word_1_276' title='bbox 401 3248 408 3317; x_wconf 89' lang='grc' dir='ltr'>Ι</span> <span class='ocrx_word' id='word_1_277' title='bbox 432 3269 626 3331; x_wconf 88' lang='lat' dir='ltr'>cognoscere:</span> <span class='ocrx_word' id='word_1_278' title='bbox 650 3261 729 3315; x_wconf 92' lang='lat' dir='ltr'>certe</span> <span class='ocrx_word' id='word_1_279' title='bbox 752 3255 829 3314; x_wconf 89' lang='lat' dir='ltr'>enim</span> <span class='ocrx_word' id='word_1_280' title='bbox 851 3272 955 3333; x_wconf 87' lang='lat' dir='ltr'>parurn</span> <span class='ocrx_word' id='word_1_281' title='bbox 979 3252 1086 3313; x_wconf 86' lang='lat' dir='ltr'>utiliter</span> <span class='ocrx_word' id='word_1_282' title='bbox 1108 3253 1263 3331; x_wconf 89' lang='lat' dir='ltr'>imperium</span> <span class='ocrx_word' id='word_1_283' title='bbox 1279 3250 1505 3319; x_wconf 86' lang='lat' dir='ltr'>administrabit,</span> <span class='ocrx_word' id='word_1_284' title='bbox 1529 3252 1553 3311; x_wconf 92' lang='lat' dir='ltr'>si</span> 
     </span>
     <span class='ocr_line' id='line_1_30' title="bbox 270 3352 1552 3436; baseline -0.002 -22"><span class='ocrx_word' id='word_1_285' title='bbox 270 3370 378 3408; x_wconf 62' lang='lat' dir='ltr'>curiosus.</span> <span class='ocrx_word' id='word_1_286' title='bbox 400 3364 407 3436; x_wconf 83' lang='grc' dir='ltr'>Ι</span> <span class='ocrx_word' id='word_1_287' title='bbox 429 3372 461 3415; x_wconf 89' lang='lat' dir='ltr'>se</span> <span class='ocrx_word' id='word_1_288' title='bbox 484 3356 579 3415; x_wconf 87' lang='lat' dir='ltr'>statim</span> <span class='ocrx_word' id='word_1_289' title='bbox 601 3354 638 3415; x_wconf 87' lang='lat' dir='ltr'>eh</span> <span class='ocrx_word' id='word_1_290' title='bbox 661 3354 805 3415; x_wconf 88' lang='lat' dir='ltr'>altissimis</span> <span class='ocrx_word' id='word_1_291' title='bbox 827 3355 1049 3434; x_wconf 87' lang='lat' dir='ltr'>cogitationibus</span> <span class='ocrx_word' id='word_1_292' title='bbox 1072 3355 1107 3415; x_wconf 90' lang='lat' dir='ltr'>ad</span> <span class='ocrx_word' id='word_1_293' title='bbox 1130 3356 1258 3415; x_wconf 79' lang='lat' dir='ltr'>iulrrnaui</span> <span class='ocrx_word' id='word_1_294' title='bbox 1280 3353 1479 3415; x_wconf 89' lang='lat' dir='ltr'>curiositatem</span> <span class='ocrx_word' id='word_1_295' title='bbox 1501 3352 1552 3412; x_wconf 92' lang='lat' dir='ltr'>ab·</span> 
     </span>
     <span class='ocr_line' id='line_1_31' title="bbox 270 3454 1587 3534; baseline 0.001 -18"><span class='ocrx_word' id='word_1_296' title='bbox 270 3454 337 3516; x_wconf 91' lang='lat' dir='ltr'>duci</span> <span class='ocrx_word' id='word_1_297' title='bbox 359 3457 516 3534; x_wconf 87' lang='lat' dir='ltr'>permittet.</span> <span class='ocrx_word' id='word_1_298' title='bbox 1561 3476 1587 3517; x_wconf 83' lang='lat' dir='ltr'>ao</span> 
     </span>
    </p>

    <p class='ocr_par' dir='ltr' id='par_1_7' title="bbox 271 3555 1553 3740">
     <span class='ocr_line' id='line_1_32' title="bbox 333 3555 1553 3638; baseline -0.002 -21"><span class='ocrx_word' id='word_1_299' title='bbox 333 3578 484 3621; x_wconf 81' lang='lat' dir='ltr'>uourron.</span> <span class='ocrx_word' id='word_1_300' title='bbox 522 3558 557 3620; x_wconf 82' lang='lat' dir='ltr'>Et</span> <span class='ocrx_word' id='word_1_301' title='bbox 584 3565 683 3620; x_wconf 87' lang='lat' dir='ltr'>tamen</span> <span class='ocrx_word' id='word_1_302' title='bbox 711 3576 832 3629; x_wconf 88' lang='lat' dir='ltr'>curare,</span> <span class='ocrx_word' id='word_1_303' title='bbox 862 3578 957 3638; x_wconf 74' lang='lat' dir='ltr'>coequo</span> <span class='ocrx_word' id='word_1_304' title='bbox 985 3559 1178 3637; x_wconf 86' lang='lat' dir='ltr'>periculosius</span> <span class='ocrx_word' id='word_1_305' title='bbox 1206 3558 1328 3619; x_wconf 91' lang='lat' dir='ltr'>evadant</span> <span class='ocrx_word' id='word_1_306' title='bbox 1350 3556 1379 3617; x_wconf 83' lang='lat' dir='ltr'>tu</span> <span class='ocrx_word' id='word_1_307' title='bbox 1403 3555 1553 3626; x_wconf 87' lang='lat' dir='ltr'>tumultus,</span> 
     </span>
     <span class='ocr_line' id='line_1_33' title="bbox 271 3659 708 3740; baseline 0.007 -22"><span class='ocrx_word' id='word_1_308' title='bbox 271 3676 329 3718; x_wconf 81' lang='lat' dir='ltr'>uoci</span> <span class='ocrx_word' id='word_1_309' title='bbox 352 3659 452 3721; x_wconf 83' lang='lat' dir='ltr'>iuudle</span> <span class='ocrx_word' id='word_1_310' title='bbox 475 3661 590 3740; x_wconf 86' lang='lat' dir='ltr'>penitus</span> <span class='ocrx_word' id='word_1_311' title='bbox 611 3661 708 3721; x_wconf 88' lang='lat' dir='ltr'>luerit.</span> 
     </span>
    </p>

    <p class='ocr_par' dir='ltr' id='par_1_8' title="bbox 204 3757 1589 4147">
     <span class='ocr_line' id='line_1_34' title="bbox 204 3757 1554 3838; baseline -0.001 -16"><span class='ocrx_word' id='word_1_312' title='bbox 204 3757 492 3838; x_wconf 60' lang='lat' dir='ltr'>§.⁴⁷.8,¹33,“‚fi{&#39;¹[‘„‘.{2‡¹,2&#39;&#39;⁶“¹</span> <span class='ocrx_word' id='word_1_313' title='bbox 518 3764 525 3835; x_wconf 97' lang='grc' dir='ltr'>Ι</span> <span class='ocrx_word' id='word_1_314' title='bbox 588 3783 788 3825; x_wconf 76' lang='lat' dir='ltr'>rnasmscvs.</span> <span class='ocrx_word' id='word_1_315' title='bbox 825 3764 862 3824; x_wconf 78' lang='lat' dir='ltr'>at</span> <span class='ocrx_word' id='word_1_316' title='bbox 883 3761 1024 3823; x_wconf 87' lang='lat' dir='ltr'>tumultus</span> <span class='ocrx_word' id='word_1_317' title='bbox 1046 3781 1105 3822; x_wconf 91' lang='lat' dir='ltr'>non</span> <span class='ocrx_word' id='word_1_318' title='bbox 1127 3771 1236 3829; x_wconf 90' lang='lat' dir='ltr'>essent,</span> <span class='ocrx_word' id='word_1_319' title='bbox 1261 3763 1315 3821; x_wconf 89' lang='lat' dir='ltr'>nisi</span> <span class='ocrx_word' id='word_1_320' title='bbox 1336 3761 1383 3821; x_wconf 87' lang='lat' dir='ltr'>illc</span> <span class='ocrx_word' id='word_1_321' title='bbox 1406 3780 1438 3821; x_wconf 86' lang='lat' dir='ltr'>se</span> <span class='ocrx_word' id='word_1_322' title='bbox 1461 3762 1554 3821; x_wconf 82' lang='lat' dir='ltr'>linuri-</span> 
     </span>
     <span class='ocr_line' id='line_1_35' title="bbox 273 3861 1554 3945; baseline -0.001 -23"><span class='ocrx_word' id='word_1_323' title='bbox 273 3865 395 3924; x_wconf 83' lang='lat' dir='ltr'>scuisset</span> <span class='ocrx_word' id='word_1_324' title='bbox 417 3865 548 3942; x_wconf 90' lang='lat' dir='ltr'>negotiu,</span> <span class='ocrx_word' id='word_1_325' title='bbox 578 3866 613 3926; x_wconf 95' lang='lat' dir='ltr'>ad</span> <span class='ocrx_word' id='word_1_326' title='bbox 641 3866 719 3945; x_wconf 89' lang='lat' dir='ltr'>quod</span> <span class='ocrx_word' id='word_1_327' title='bbox 748 3883 801 3943; x_wconf 87' lang='lat' dir='ltr'>per</span> <span class='ocrx_word' id='word_1_328' title='bbox 830 3867 924 3926; x_wconf 88' lang='lat' dir='ltr'>omnia</span> <span class='ocrx_word' id='word_1_329' title='bbox 948 3865 1160 3925; x_wconf 82' lang='lat' dir='ltr'>euricircudum</span> <span class='ocrx_word' id='word_1_330' title='bbox 1184 3865 1280 3941; x_wconf 91' lang='lat' dir='ltr'>potius</span> <span class='ocrx_word' id='word_1_331' title='bbox 1309 3870 1371 3925; x_wconf 89' lang='lat' dir='ltr'>crat</span> <span class='ocrx_word' id='word_1_332' title='bbox 1400 3880 1486 3941; x_wconf 86' lang='lat' dir='ltr'>quam</span> <span class='ocrx_word' id='word_1_333' title='bbox 1512 3861 1554 3922; x_wconf 83' lang='lat' dir='ltr'>rel</span> 
     </span>
     <span class='ocr_line' id='line_1_36' title="bbox 271 3963 1589 4046; baseline 0.005 -23"><span class='ocrx_word' id='word_1_334' title='bbox 271 3963 361 4024; x_wconf 83' lang='lat' dir='ltr'>verbo</span> <span class='ocrx_word' id='word_1_335' title='bbox 383 3965 647 4028; x_wconf 88' lang='lat' dir='ltr'>interturbandum.</span> <span class='ocrx_word' id='word_1_336' title='bbox 692 3975 777 4046; x_wconf 90' lang='lat' dir='ltr'>putas</span> <span class='ocrx_word' id='word_1_337' title='bbox 800 3967 877 4028; x_wconf 85' lang='lat' dir='ltr'>eninr</span> <span class='ocrx_word' id='word_1_338' title='bbox 899 3967 1123 4028; x_wconf 86' lang='lat' dir='ltr'>subnascentem</span> <span class='ocrx_word' id='word_1_339' title='bbox 1144 3969 1172 4026; x_wconf 90' lang='lat' dir='ltr'>in</span> <span class='ocrx_word' id='word_1_340' title='bbox 1188 3968 1342 4028; x_wconf 85' lang='lat' dir='ltr'>Germania</span> <span class='ocrx_word' id='word_1_341' title='bbox 1366 3983 1445 4025; x_wconf 91' lang='lat' dir='ltr'>nuuc</span> <span class='ocrx_word' id='word_1_342' title='bbox 1467 3982 1589 4029; x_wconf 82' lang='lat' dir='ltr'>crau-ss</span> 
     </span>
     <span class='ocr_line' id='line_1_37' title="bbox 272 4065 1555 4147; baseline -0.001 -21"><span class='ocrx_word' id='word_1_343' title='bbox 272 4065 372 4142; x_wconf 81' lang='lat' dir='ltr'>gelicae</span> <span class='ocrx_word' id='word_1_344' title='bbox 394 4067 549 4138; x_wconf 79' lang='lat' dir='ltr'>doctrinm,</span> <span class='ocrx_word' id='word_1_345' title='bbox 580 4069 709 4129; x_wconf 80' lang='lat' dir='ltr'>luthero</span> <span class='ocrx_word' id='word_1_346' title='bbox 731 4069 917 4147; x_wconf 88' lang='lat' dir='ltr'>dispensante</span> <span class='ocrx_word' id='word_1_347' title='bbox 939 4070 1147 4147; x_wconf 85' lang='lat' dir='ltr'>cognitionem,</span> <span class='ocrx_word' id='word_1_348' title='bbox 1178 4069 1201 4127; x_wconf 90' lang='lat' dir='ltr'>si</span> <span class='ocrx_word' id='word_1_349' title='bbox 1233 4085 1290 4127; x_wconf 91' lang='lat' dir='ltr'>non</span> <span class='ocrx_word' id='word_1_350' title='bbox 1313 4067 1441 4127; x_wconf 85' lang='lat' dir='ltr'>audisset</span> <span class='ocrx_word' id='word_1_351' title='bbox 1463 4066 1555 4126; x_wconf 83' lang='lat' dir='ltr'>llaro·</span> 
     </span>
    </p>
   </div>
   <div class='ocr_carea' id='block_1_3' title="bbox 272 4253 1557 4746">
    <p class='ocr_par' dir='ltr' id='par_1_9' title="bbox 272 4253 1557 4746">
     <span class='ocr_line' id='line_1_38' title="bbox 338 4253 1555 4321; baseline -0.001 -18"><span class='ocrx_word' id='word_1_352' title='bbox 338 4253 349 4284; x_wconf 77' lang='lat'><strong>⁶</strong></span> <span class='ocrx_word' id='word_1_353' title='bbox 368 4254 456 4315; x_wconf 86' lang='lat' dir='ltr'>‚‚Cnrn</span> <span class='ocrx_word' id='word_1_354' title='bbox 473 4259 514 4305; x_wconf 89' lang='lat' dir='ltr'>tot</span> <span class='ocrx_word' id='word_1_355' title='bbox 532 4254 671 4304; x_wconf 82' lang='lat' dir='ltr'>sustineas</span> <span class='ocrx_word' id='word_1_356' title='bbox 684 4259 712 4303; x_wconf 88' lang='lat' dir='ltr'>et</span> <span class='ocrx_word' id='word_1_357' title='bbox 724 4258 802 4304; x_wconf 80' lang='lat' dir='ltr'>tertis</span> <span class='ocrx_word' id='word_1_358' title='bbox 815 4255 927 4321; x_wconf 86' lang='lat' dir='ltr'>negotia</span> <span class='ocrx_word' id='word_1_359' title='bbox 940 4254 1029 4304; x_wconf 85' lang='lat' dir='ltr'>solus’&#39;</span> <span class='ocrx_word' id='word_1_360' title='bbox 1049 4255 1113 4304; x_wconf 91' lang='lat' dir='ltr'>llor.</span> <span class='ocrx_word' id='word_1_361' title='bbox 1122 4255 1200 4319; x_wconf 85' lang='lat' dir='ltr'>epist.</span> <span class='ocrx_word' id='word_1_362' title='bbox 1208 4255 1243 4304; x_wconf 91' lang='lat'>11.</span> <span class='ocrx_word' id='word_1_363' title='bbox 1255 4254 1276 4316; x_wconf 95' lang='lat' dir='ltr'>l,</span> <span class='ocrx_word' id='word_1_364' title='bbox 1288 4266 1304 4304; x_wconf 84' lang='lat' dir='ltr'>t.</span> <span class='ocrx_word' id='word_1_365' title='bbox 1320 4254 1495 4319; x_wconf 71' lang='lat' dir='ltr'>(obdrrgnsto</span> <span class='ocrx_word' id='word_1_366' title='bbox 1510 4269 1555 4302; x_wconf 86' lang='lat' dir='ltr'>ex-</span> 
     </span>
     <span class='ocr_line' id='line_1_39' title="bbox 272 4336 1554 4405; baseline -0.002 -17"><span class='ocrx_word' id='word_1_367' title='bbox 272 4336 384 4402; x_wconf 84' lang='lat' dir='ltr'>petita.)</span> <span class='ocrx_word' id='word_1_368' title='bbox 426 4338 436 4370; x_wconf 76' lang='lat'><em>⁰</em></span> <span class='ocrx_word' id='word_1_369' title='bbox 454 4339 504 4401; x_wconf 88' lang='lat' dir='ltr'>illi,</span> <span class='ocrx_word' id='word_1_370' title='bbox 519 4354 599 4404; x_wconf 81' lang='lat' dir='ltr'>quem</span> <span class='ocrx_word' id='word_1_371' title='bbox 613 4339 763 4389; x_wconf 87' lang='lat' dir='ltr'>inociosnrn</span> <span class='ocrx_word' id='word_1_372' title='bbox 778 4339 936 4402; x_wconf 85' lang='lat' dir='ltr'>(inotiosum</span> <span class='ocrx_word' id='word_1_373' title='bbox 949 4337 990 4405; x_wconf 83' lang='lat'>2.)</span> <span class='ocrx_word' id='word_1_374' title='bbox 1003 4338 1218 4389; x_wconf 85' lang='lat' dir='ltr'>sacrificulorum</span> <span class='ocrx_word' id='word_1_375' title='bbox 1231 4339 1466 4395; x_wconf 82' lang='lat' dir='ltr'>sollicitationem,</span> <span class='ocrx_word' id='word_1_376' title='bbox 1487 4337 1554 4402; x_wconf 86' lang='lat' dir='ltr'>aliq.</span> 
     </span>
     <span class='ocr_line' id='line_1_40' title="bbox 273 4418 1556 4487; baseline 0 -15"><span class='ocrx_word' id='word_1_377' title='bbox 273 4439 329 4487; x_wconf 75' lang='lat' dir='ltr'>op.</span> <span class='ocrx_word' id='word_1_378' title='bbox 343 4424 404 4473; x_wconf 83' lang='lat' dir='ltr'>edd.</span> <span class='ocrx_word' id='word_1_379' title='bbox 423 4424 491 4474; x_wconf 87' lang='lat' dir='ltr'>Mihi</span> <span class='ocrx_word' id='word_1_380' title='bbox 504 4423 670 4474; x_wconf 85' lang='lat' dir='ltr'>Franciscus</span> <span class='ocrx_word' id='word_1_381' title='bbox 682 4425 775 4475; x_wconf 87' lang='lat' dir='ltr'>dicere</span> <span class='ocrx_word' id='word_1_382' title='bbox 787 4426 863 4476; x_wconf 81' lang='lat' dir='ltr'>visus</span> <span class='ocrx_word' id='word_1_383' title='bbox 877 4431 919 4475; x_wconf 86' lang='lat' dir='ltr'>est</span> <span class='ocrx_word' id='word_1_384' title='bbox 932 4425 1018 4474; x_wconf 84' lang='lat' dir='ltr'>nrrrlta</span> <span class='ocrx_word' id='word_1_385' title='bbox 1031 4423 1123 4474; x_wconf 83' lang='lat' dir='ltr'>Caroli</span> <span class='ocrx_word' id='word_1_386' title='bbox 1142 4439 1222 4474; x_wconf 79' lang='lat' dir='ltr'>eures</span> <span class='ocrx_word' id='word_1_387' title='bbox 1242 4430 1269 4474; x_wconf 86' lang='lat' dir='ltr'>et</span> <span class='ocrx_word' id='word_1_388' title='bbox 1287 4425 1395 4474; x_wconf 84' lang='lat' dir='ltr'>labores</span> <span class='ocrx_word' id='word_1_389' title='bbox 1415 4418 1556 4472; x_wconf 85' lang='lat' dir='ltr'>ardentius</span> 
     </span>
     <span class='ocr_line' id='line_1_41' title="bbox 273 4505 1555 4576; baseline 0 -18"><span class='ocrx_word' id='word_1_390' title='bbox 273 4509 428 4575; x_wconf 75' lang='lat' dir='ltr'>efflagitare</span> <span class='ocrx_word' id='word_1_391' title='bbox 448 4524 528 4574; x_wconf 83' lang='lat' dir='ltr'>quom</span> <span class='ocrx_word' id='word_1_392' title='bbox 541 4514 571 4558; x_wconf 89' lang='lat' dir='ltr'>nt</span> <span class='ocrx_word' id='word_1_393' title='bbox 583 4509 775 4576; x_wconf 82' lang='lat' dir='ltr'>indefatigatis</span> <span class='ocrx_word' id='word_1_394' title='bbox 789 4511 950 4561; x_wconf 88' lang='lat' dir='ltr'>clericorum</span> <span class='ocrx_word' id='word_1_395' title='bbox 963 4511 1037 4576; x_wconf 89' lang='lat' dir='ltr'>ipsos</span> <span class='ocrx_word' id='word_1_396' title='bbox 1050 4526 1111 4560; x_wconf 85' lang='lat' dir='ltr'>sese</span> <span class='ocrx_word' id='word_1_397' title='bbox 1124 4510 1225 4574; x_wconf 87' lang='lat' dir='ltr'>ubique</span> <span class='ocrx_word' id='word_1_398' title='bbox 1239 4509 1421 4574; x_wconf 81' lang='lat' dir='ltr'>ingerentium</span> <span class='ocrx_word' id='word_1_399' title='bbox 1441 4505 1555 4573; x_wconf 78' lang='lat' dir='ltr'>[lauccio-</span> 
     </span>
     <span class='ocr_line' id='line_1_42' title="bbox 272 4591 1557 4661; baseline -0.002 -16"><span class='ocrx_word' id='word_1_400' title='bbox 272 4591 371 4659; x_wconf 86' lang='lat' dir='ltr'>sorum]</span> <span class='ocrx_word' id='word_1_401' title='bbox 384 4592 628 4644; x_wconf 77' lang='lat' dir='ltr'>sollicitationibus</span> <span class='ocrx_word' id='word_1_402' title='bbox 641 4610 720 4646; x_wconf 82' lang='lat' dir='ltr'>aures</span> <span class='ocrx_word' id='word_1_403' title='bbox 733 4595 857 4661; x_wconf 76' lang='lat' dir='ltr'>praebere</span> <span class='ocrx_word' id='word_1_404' title='bbox 871 4596 965 4660; x_wconf 83' lang='lat' dir='ltr'>eisque</span> <span class='ocrx_word' id='word_1_405' title='bbox 977 4597 1046 4645; x_wconf 86' lang='lat' dir='ltr'>satis</span> <span class='ocrx_word' id='word_1_406' title='bbox 1060 4597 1155 4645; x_wconf 79' lang='lat' dir='ltr'>iacere</span> <span class='ocrx_word' id='word_1_407' title='bbox 1168 4595 1273 4645; x_wconf 84' lang='lat' dir='ltr'>liceret.</span> <span class='ocrx_word' id='word_1_408' title='bbox 1291 4594 1373 4643; x_wconf 63' lang='lat' dir='ltr'>,librae</span> <span class='ocrx_word' id='word_1_409' title='bbox 1386 4599 1459 4643; x_wconf 82' lang='lat' dir='ltr'>etium</span> <span class='ocrx_word' id='word_1_410' title='bbox 1470 4597 1557 4656; x_wconf 80' lang='lat' dir='ltr'>placet</span> 
     </span>
     <span class='ocr_line' id='line_1_43' title="bbox 274 4675 1554 4746; baseline -0.003 -16"><span class='ocrx_word' id='word_1_411' title='bbox 274 4680 423 4730; x_wconf 85' lang='lat' dir='ltr'>inociosaru</span> <span class='ocrx_word' id='word_1_412' title='bbox 438 4694 508 4729; x_wconf 80' lang='lat' dir='ltr'>saer.</span> <span class='ocrx_word' id='word_1_413' title='bbox 524 4679 749 4731; x_wconf 81' lang='lat' dir='ltr'>sollicitationem</span> <span class='ocrx_word' id='word_1_414' title='bbox 763 4681 867 4746; x_wconf 89' lang='lat' dir='ltr'>aliquid</span> <span class='ocrx_word' id='word_1_415' title='bbox 880 4695 976 4732; x_wconf 82' lang='lat' dir='ltr'>curare</span> <span class='ocrx_word' id='word_1_416' title='bbox 990 4681 1123 4746; x_wconf 81' lang='lat' dir='ltr'>patiatur.</span> <span class='ocrx_word' id='word_1_417' title='bbox 1142 4682 1184 4731; x_wconf 70' lang='lat' dir='ltr'>Cf.</span> <span class='ocrx_word' id='word_1_418' title='bbox 1197 4678 1269 4739; x_wconf 77' lang='lat' dir='ltr'>§.dli</span> <span class='ocrx_word' id='word_1_419' title='bbox 1314 4675 1336 4708; x_wconf 65' lang='lat'>²³</span> <span class='ocrx_word' id='word_1_420' title='bbox 1349 4678 1480 4728; x_wconf 85' lang='lat' dir='ltr'>Curtisini</span> <span class='ocrx_word' id='word_1_421' title='bbox 1494 4679 1554 4728; x_wconf 85' lang='lat' dir='ltr'>cdd.</span> 
     </span>
    </p>
   </div>
   <div class='ocr_carea' id='block_1_4' title="bbox 0 0 1704 5370">
    <p class='ocr_par' dir='ltr' id='par_1_10' title="bbox 0 0 1704 5370">
     <span class='ocr_line' id='line_1_44' title="bbox 0 0 1704 5370; baseline 0 0"><span class='ocrx_word' id='word_1_422' title='bbox 0 0 1704 5370; x_wconf 95' lang='lat' dir='ltr'> </span> 
     </span>
    </p>
   </div>
  </div>
 </body>
</html>
