3382 5370
212 346 284 415 4Ιῖ
415 360 477 409 Xll.
546 374 691 410 cauimus.
760 373 1090 409 nracoovsnvrrsurcvs
1115 358 1288 424 (rosrvuvs).

143 529 540 610 §nequiquamsaeuae
563 527 699 608 gerendis
726 527 817 589 rebus
845 529 1014 598 accesserit;
1048 530 1133 590 etiam
1163 548 1217 607 ego
1246 530 1321 590 euim
1353 538 1489 609 quartum

210 642 240 694 et
260 634 430 712 vigesimum
454 633 531 693 baud
555 616 624 692 dum
646 649 783 709 egressus
805 650 929 700 annum,
953 651 1019 691 eum
1042 631 1131 692 multa
1154 633 1235 709 prius
1256 631 1338 692 miles
1354 632 1489 691 fecissem

209 743 343 806 strenue,
372 736 431 795 ‹lnx
454 753 517 795 esse
540 734 635 811 incepi
658 734 802 793 exercitus
825 752 910 812 quem
934 734 1064 794 noudum
1087 733 1250 801 habebam,
1280 736 1328 814 qui
1357 733 1488 794 nondum

144 882 148 888 -
210 837 334 906 coierat,
358 855 504 916 quemque
527 834 673 896 conscribi
695 835 848 896 celerrime
871 854 936 896 cum
960 844 1125 914 oporteret,
1149 855 1184 896 au
1203 840 1326 896 existere
1342 843 1449 914 posset,
1472 855 1488 895 a

211 946 288 1000 tauta
323 939 504 1017 dispersione
532 936 653 998 dubium
676 955 793 1016 quoque
816 938 882 1004 luit;
906 955 973 997 narn
995 940 1118 1015 pecnnia
1140 937 1217 999 baud
1242 956 1343 998 vereor
1365 956 1401 997 ue
1423 940 1511 1015 quiea

142 1055 201 1104 tic.
210 1042 375 1120 suspicetur
398 1040 519 1100 valuisse
542 1058 603 1109 me,
634 1058 698 1117 quae
720 1045 781 1098 tum
804 1040 957 1100 Germanis
980 1039 1058 1100 uuila
1082 1048 1157 1100 erat:
1192 1041 1288 1119 itaque
1317 1042 1345 1100 iu
1374 1058 1488 1100 summa

212 1162 310 1205 rernm
333 1151 420 1221 atque
442 1143 594 1202 bominum
617 1142 728 1219 inopia,
753 1143 857 1201 misera
881 1148 1023 1220 egestate,
1047 1142 1179 1203 desertus
1202 1142 1238 1202 ab
1261 1142 1410 1209 oumilms,
1434 1142 1488 1201 im·

209 1246 324 1324 peditus
339 1245 478 1324 undiquc,
502 1254 599 1304 tamen
615 1243 650 1304 ad
674 1244 904 1322 recuperandam
927 1243 1090 1304 libertatem
1112 1246 1185 1303 riam
1209 1245 1278 1305 mibi
1302 1245 1488 1312 coirimuuiri,

209 1349 339 1426 citraque
362 1364 478 1408 curnem
502 1353 582 1406 extra
605 1363 705 1424 opem,
729 1364 815 1405 ourne
838 1346 1035 1406 adiumentum
1059 1354 1087 1406 et
1109 1346 1246 1406 auxilimu
1263 1347 1318 1406 lroc
1335 1345 1396 1405 solo
1413 1365 1487 1424 prae·

209 1449 285 1510 ditus
307 1456 336 1510 ct
357 1448 492 1511 sullultus
515 1449 612 1508 animo
634 1468 650 1508 a
673 1448 784 1527 meipso
807 1466 906 1508 rerum
928 1449 1008 1508 initia
1032 1450 1133 1526 petivi,
1162 1460 1191 1508 et
1220 1448 1326 1508 bellmn
1355 1457 1485 1510 extreme
1498 1464 1523 1505 io

208 1550 424 1631 periculosum,
454 1570 513 1611 non
535 1558 619 1610 autea
642 1557 785 1630 coeptum,
815 1560 1011 1629 prosequutus
1032 1569 1112 1619 suin,
1141 1552 1192 1611 sed
1221 1550 1257 1610 ab
1280 1550 1415 1611 omnibus
1438 1551 1489 1611 de·

208 1660 357 1731 speratum
376 1658 404 1713 et
426 1671 441 1713 a
466 1652 690 1728 cogitationibus
712 1671 829 1732 quoque
851 1652 1002 1712 hominum
1025 1654 1081 1712 iam
1105 1652 1218 1732 pridem
1241 1652 1401 1730 relegatum
1417 1672 1489 1731 pro·

210 1756 324 1822 vocari,
353 1773 400 1814 me
423 1755 542 1832 dignum
566 1754 713 1814 arbitrans
734 1753 805 1814 nibil
828 1754 951 1814 fortunae
974 1755 1116 1814 intentum
1138 1754 1310 1815 destinatam
1332 1754 1401 1815 mibi
1424 1773 1488 1814 sor·

142 1863 267 1919 cutem
291 1856 425 1917 alacriter
447 1874 565 1916 morere
587 1858 684 1934 potius
706 1876 793 1936 quam
816 1863 970 1934 expsectare
985 1855 1114 1917 sollicite.
1152 1856 1225 1917 Nam
1241 1856 1486 1933 ‹querriadmodum

208 1958 370 2027 audivistis,
393 1957 471 2019 ultro
494 1957 602 2019 bellum
625 1959 707 2019 intuli
731 1966 759 2020 et
781 1959 971 2026 denunciari,
995 1958 1127 2018 obstante
1151 1961 1309 2018 etiamnum
1330 1959 1487 2019 ‹loritestica
1502 1973 1525 2011 tt·

208 2063 337 2137 Segestis
365 2068 391 2122 et
415 2061 571 2139 lguiomeri
602 2061 722 2138 pertidia
750 2045 784 2121 ac
807 2061 897 2120 lratre
920 2060 1017 2120 llario
1041 2079 1145 2139 magna
1168 2061 1244 2139 apud
1268 2061 1366 2121 hostes
1387 2061 1414 2120 ri
1437 2061 1487 2121 ad·

209 2171 356 2233 versante,
380 2182 446 2224 cum
470 2162 559 2223 milite
581 2164 676 2222 omnis
699 2161 857 2240 discipliuae
880 2163 981 2239 ignaro
998 2182 1052 2223 uec
1068 2161 1154 2222 ullius
1169 2164 1198 2222 iu
1214 2181 1246 2222 re
1262 2161 1377 2222 militari
1393 2164 1487 2224 scieu-

208 2267 268 2334 tiac,
291 2284 440 2326 armorum
464 2284 534 2324 rero
556 2264 656 2324 babitu
679 2282 754 2341 pum
779 2264 870 2323 inutili
894 2271 922 2324 et
944 2273 1084 2342 apparatu
1107 2263 1172 2323 belli
1196 2264 1269 2323 adeo
1292 2282 1350 2323 rum
1379 2284 1487 2344 suppe-

209 2375 287 2427 tente
310 2374 400 2428 utne
423 2367 492 2427 lerri
515 2366 633 2445 quidem
657 2365 692 2425 ad
716 2364 839 2425 telorum
864 2365 1000 2426 lubricam
1025 2369 1093 2426 satis
1116 2374 1199 2426 esset.
1244 2375 1273 2425 at
1300 2366 1362 2427 baec
1390 2370 1487 2428 ‹inirria

141 2480 198 2527 trs.
209 2470 296 2529 animi
320 2467 440 2528 consilio
463 2477 492 2528 et
520 2468 667 2529 alacritate
696 2470 809 2527 correxi
840 2475 868 2527 et
894 2469 1006 2527 sarriri.
1052 2486 1177 2545 cirrisque
1206 2477 1281 2526 osset
1308 2484 1524 2546 permaguusao

137 2625 141 2633 .
207 2572 263 2631 mei
287 2577 486 2648 ronternptuS,
511 2571 539 2629 iu
563 2570 688 2628 bostium
714 2588 780 2629 eum
803 2569 994 2629 calamitatem
1012 2571 1082 2629 verti
1099 2590 1133 2630 ac
1149 2578 1224 2629 tacita
1242 2569 1388 2630 celeritate
1405 2572 1487 2641 irrui,

208 2680 239 2732 ut
261 2675 342 2750 prius
365 2689 492 2749 pugnam
516 2672 716 2730 conseruerint
739 2689 825 2748 quam
849 2670 925 2730 bello
952 2689 1091 2731 ausurum
1119 2689 1166 2731 me
1195 2670 1327 2731 liciniucs
1356 2672 1488 2734 credide·

207 2775 280 2844 rint,
303 2781 371 2833 ante
393 2773 503 2832 cadem
525 2773 643 2832 lecerim
667 2791 753 2849 quam
777 2772 893 2832 (felicitati
917 2775 1061 2833 excrcitus
1083 2773 1154 2832 tides
1177 2773 1277 2840 luerit;
1302 2792 1356 2832 uec
1377 2773 1489 2835 levibus

207 2894 276 2936 vero
300 2877 454 2934 momentis
477 2882 562 2933 tarum
584 2872 668 2932 molis
692 2876 767 2933 initia
792 2875 957 2952 auspicatus
980 2893 1058 2934 sum:
1083 2882 1142 2933 tres
1158 2875 1251 2951 primo
1267 2876 1360 2935 statim
1378 2878 1488 2954 impetu

207 2976 350 3056 legiones,
380 2984 408 3035 et
429 2977 458 3036 iu
481 2977 515 3034 iis
538 2976 686 3044 Martiam,
714 2994 781 3034 cum
803 2975 915 3035 auxiliis
942 2976 1078 3036 oumibus
1107 2977 1294 3036 tortissiumm
1324 2981 1523 3039 exercitum-as

136 3140 140 3148 ,
208 3087 237 3140 et
259 3099 317 3156 quo
340 3097 399 3138 rum
422 3077 494 3137 alius
517 3076 667 3156 disciplina
691 3079 783 3154 magis
804 3096 838 3137 ac
861 3078 903 3137 rei
927 3079 1058 3137 militaris
1081 3080 1257 3156 experientia
1280 3078 1364 3157 rique
1387 3088 1415 3140 et
1431 3083 1488 3140 rir-

152 3200 155 3206 ·
208 3188 269 3240 tute
285 3180 432 3240 llomauos
455 3181 531 3240 inim
553 3177 657 3238 milites
680 3186 748 3239 tuuc
773 3178 899 3248 calebat,
923 3181 1077 3258 ipsumque
1099 3181 1184 3240 siuud
1207 3181 1310 3241 ducem
1334 3190 1362 3242 ct
1377 3181 1490 3260 legatos

139 3284 243 3349 §.read
267 3283 488 3342 internicionem
510 3299 603 3360 usque
626 3280 719 3340 occidi
742 3288 770 3339 et
793 3281 894 3341 delevi.
940 3286 1004 3353 Quo
1027 3289 1159 3360 tempore
1182 3285 1209 3342 in
1233 3284 1318 3344 uiuus
1341 3303 1404 3344 inea
1420 3303 1489 3361 per·

206 3403 277 3444 sona
299 3385 400 3463 patriae
423 3383 606 3443 incolumitas
629 3383 771 3442 corastitit:
800 3390 832 3443 ut
854 3384 951 3445 dicere
974 3404 1031 3443 riou
1061 3384 1162 3443 delumt
1187 3386 1302 3462 Scipio,
1330 3394 1388 3446 tam
1417 3406 1489 3446 con-

206 3493 365 3546 sternatam
387 3504 418 3546 se
442 3503 504 3544 rem
526 3485 687 3545 lloiuauam
709 3494 826 3563 tamque
849 3487 972 3546 accisam
995 3496 1174 3547 restaurasse
1203 3506 1288 3566 quam
1321 3506 1375 3564 ego
1404 3491 1525 3566 peni-ao

207 3597 254 3649 tus
275 3585 473 3665 proculcatam
503 3594 531 3644 et.
561 3586 736 3666 discerptam
761 3586 840 3646 lueri
864 3589 1048 3649 Germaniam
1078 3591 1198 3648 restitui.
1244 3591 1414 3668 [tuauquam
1444 3594 1489 3651 rei

207 3691 297 3768 ipsius
320 3689 549 3767 maguitruliuem
572 3708 630 3749 rum
655 3689 797 3767 estquod
822 3690 917 3750 serbis
940 3711 994 3768 ego
1022 3692 1136 3768 assequi
1165 3691 1311 3759 studeam,
1342 3693 1395 3768 ipsi
1426 3701 1488 3752 cot·

207 3792 274 3851 tidie
297 3791 342 3850 bic
365 3799 478 3851 veteres
500 3789 624 3850 llomani
647 3791 806 3871 loquuntur
828 3792 900 3859 lior,
926 3801 1040 3872 quantae
1057 3794 1098 3852 eis
1113 3794 1266 3852 calamitati
1283 3795 1387 3853 luerim
1403 3803 1487 3863 tunc,

207 3911 293 3971 quam
318 3892 422 3951 misere
444 3894 672 3970 potentissimam
690 3895 846 3961 ciuitatem,
871 3895 1024 3973 imperium
1040 3896 1277 3955 lloreutissiuuuu
1294 3895 1487 3965 roulrulerim,

207 4002 235 4057 et
264 3993 340 4073 quod
369 4012 428 4053 non
457 3993 529 4053 alius
559 3997 649 4072 inagis
678 3995 740 4054 illos
768 4014 867 4055 rerum
896 3997 1029 4056 dorrriuos
1060 4006 1234 4076 gentemque
1256 4006 1382 4073 togatam
1406 4007 1525 4060 metum

139 4104 236 4164 §.ucat
259 4096 450 4174 trepidatione
473 4098 710 4157 consternarerit.
757 4098 841 4157 Certe
865 4099 941 4158 ciriiu
964 4100 1039 4176 iqrrrul
1065 4108 1093 4158 tu
1125 4117 1181 4158 uun
1212 4101 1346 4167 ellecisti,
1377 4099 1487 4159 llauni-

206 4197 269 4266 bal,
293 4197 327 4257 ad
352 4197 433 4256 urbis
456 4215 547 4275 usquc
571 4206 670 4276 portas
693 4197 879 4277 obmpritans.
910 4218 964 4276 ego
989 4203 1015 4259 iu
1040 4200 1138 4260 ultima
1168 4203 1341 4261 cruminans
1364 4203 1489 4262 tierma·

206 4302 267 4367 nia,
296 4306 377 4359 tanto
401 4297 567 4368 interuallo,
597 4307 639 4359 tot
661 4301 763 4360 mediis
787 4301 954 4361 lluuuuibus
976 4323 1010 4362 ac
1040 4302 1207 4380 paludibus,
1239 4310 1280 4362 tot
1308 4304 1489 4380 interpositis

207 4400 354 4463 rnoritibus
390 4418 424 4461 ac
458 4400 528 4461 locis
561 4402 641 4462 nullo
673 4402 741 4462 dum
769 4404 873 4464 itinere
906 4404 1057 4464 homilium
1087 4403 1243 4481 exploratis
1271 4413 1320 4464 aiu
1352 4407 1487 4483 coguitis,

273 4603 280 4636 ¹
301 4607 373 4655 enim
391 4608 459 4656 onds.
473 4610 513 4656 11.
567 4605 587 4638 ¹⁸
605 4608 737 4671 Inguiom.
752 4611 775 4657 ὅ.
790 4614 814 4657 et
831 4625 886 4674 sqq.
902 4611 941 4658 11.
954 4608 1028 4674 iebiq..
1048 4617 1078 4656 ut
1094 4609 1152 4658 Tae.
1167 4609 1257 4658 turbent
1276 4610 1334 4660 edd.
1404 4606 1426 4640 ²⁹
1446 4610 1487 4658 in·

206 4691 381 4739 tornitiouem
402 4695 423 4741 1.
437 4698 462 4741 et
474 4708 496 4744 r.
510 4693 725 4742 internecionem
743 4711 809 4744 rece.
824 4697 882 4746 cdd.
917 4692 939 4724 ³²
958 4695 1079 4757 quotidie
1098 4695 1162 4746 rnul.
1198 4693 1220 4724 ³⁵
1234 4694 1488 4757 t'crg.ilen.1.‘282.
