3382 5370
217 348 289 421 326
370 364 445 414 t'111.
516 378 604 413 arnus
624 378 646 411 s.
667 377 825 412 bructeros.
880 376 1220 412 nrncoovsnvrrnrucrs.
1253 360 1339 425 (tntu.)

280 554 389 595 nrum.
429 532 536 611 Ecquis
558 531 663 591 Leonis
685 530 772 590 liliam
795 529 882 590 audet
905 532 993 599 tueri,
1017 550 1034 590 o
1058 534 1110 610 pii,
1134 551 1151 591 o
1175 532 1344 604 christiam,
1368 540 1397 593 ct
1419 533 1497 596 buno

217 634 365 713 'ultumum
386 639 393 709 Ι
415 633 546 712 iugulare
570 633 715 711 perditum
738 634 870 711 irnpnne,
894 634 1046 710 praemium
1069 642 1242 712 accepturus
1264 654 1280 695 a
1303 635 1421 701 Decimo
1445 633 1493 693 dn·

217 745 296 798 ratos
318 738 355 799 de
370 739 489 798 deutera
514 737 587 795 iuste
609 752 754 812 appensos
769 735 922 814 quinquies
938 733 1029 805 mille,
1053 745 1081 796 et
1096 737 1272 797 Beneficium
1289 756 1345 797 non
1363 743 1496 796 curatum

149 855 207 904 ter.
219 843 245 901 in
262 838 393 919 partibus
409 838 486 916 quud
503 836 636 898 ascendat
654 837 689 896 ad
706 844 853 897 trecentos
869 841 1023 917 quotannis
1038 839 1162 900 aureos‘t
1178 847 1322 916 proterea
1338 838 1496 916 plenariam

217 949 404 1021 peccatorum
421 941 551 1000 omnium
566 940 781 1008 remissionem,
805 958 840 1001 ao
855 939 1047 1018 indulgentias
1061 958 1204 1002 annornm
1221 940 1310 1002 duum
1327 938 1452 1007 milium,
1469 944 1517 998 ets

216 1040 401 1129 ffi‘ffigfflqgl‘·
424 1057 430 1127 p
454 1042 659 1120 quinquaginta
682 1060 733 1102 sex
749 1060 884 1110 carenos,
908 1060 941 1102 ae
957 1041 1197 1104 Protbonotarius
1214 1051 1244 1103 ut
1259 1044 1309 1111 sit,
1333 1039 1498 1119 habeatque

217 1146 262 1205 ius
284 1143 461 1221 legitImandi
482 1145 614 1220 spurios,
637 1150 666 1203 ct
689 1146 809 1204 comites
823 1143 970 1206 Palatinos
992 1144 1127 1205 creandi?
1155 1154 1243 1224 utque
1267 1147 1292 1204 ei
1313 1144 1399 1204 liceat
1420 1160 1498 1202 mor·

218 1246 313 1307 taliter
336 1263 460 1322 peceare
483 1245 602 1305 cottidie
624 1244 727 1313 semel,
751 1253 780 1305 et
801 1264 816 1304 a
840 1246 1022 1306 confessione
1037 1245 1111 1307 liber
1126 1253 1158 1306 ut
1173 1248 1209 1306 sit
1224 1248 1373 1325 proximos
1386 1252 1498 1323 septem

220 1366 326 1417 annos,
349 1366 404 1408 nco
426 1347 531 1408 deinde
554 1348 606 1406 nisi
623 1349 773 1424 septennio
789 1347 878 1407 semel
894 1350 1083 1409 confiteatur?
1106 1349 1193 1427 quid?
1216 1351 1301 1408 etium
1322 1346 1414 1409 semel
1429 1364 1498 1408 con·

151 1452 293 1510 §.obteri
316 1452 385 1511 satis
407 1451 433 1510 ei
455 1451 492 1510 sit
513 1456 571 1508 tota
595 1451 665 1518 rita,
690 1457 719 1509 et
741 1450 769 1508 in
792 1450 893 1509 mortis
915 1449 1037 1511 articulo
1059 1453 1176 1511 iteruin.
1214 1449 1288 1509 'Irim
1311 1451 1335 1508 si
1359 1451 1382 1509 is
1397 1450 1434 1510 sit
1449 1447 1532 1528 quin

220 1570 277 1611 non
301 1559 378 1630 petat
401 1552 577 1620 sacerdotia,
607 1556 641 1611 nt
662 1551 687 1610 ei
710 1549 794 1610 liceat
816 1552 976 1628 pneumam
999 1570 1080 1612 snam
1104 1552 1212 1612 ducere
1235 1569 1356 1611 uxorem
1379 1559 1429 1610 ant
1448 1568 1499 1610 ne·

219 1662 297 1732 ptem
320 1660 370 1714 out
392 1653 612 1720 consobrinan1;
636 1658 664 1711 ot
685 1652 778 1730 siquid
801 1653 953 1722 iruaverit,
977 1653 1178 1733 qualecunque
1194 1653 1221 1712 id
1239 1654 1340 1721 inerit,
1365 1661 1396 1712 ut
1411 1653 1500 1731 possit

219 1774 277 1814 uon
300 1762 454 1834 praestare:
489 1763 518 1815 ot
540 1755 633 1815 sindus
655 1755 679 1813 si
708 1755 785 1832 quod
816 1754 928 1823 inierit,
961 1762 992 1814 nt
1021 1755 1147 1816 solutum
1176 1757 1232 1816 boc
1261 1756 1298 1815 sit
1325 1774 1392 1815 cnm
1423 1752 1498 1814 relit.

219 1858 279 1936 alge
302 1864 413 1927 autern,
448 1858 580 1936 quisquis
603 1856 870 1916 excommunicatus
898 1874 930 1916 es
959 1864 987 1916 et
1009 1857 1161 1918 anatliema
1184 1858 1292 1926 iaetus,
1327 1875 1500 1937 quacunque

220 1959 256 2020 dc
279 1978 393 2028 caussa,
417 1959 454 2019 ob
478 1959 599 2038 quodvis
621 1955 729 2018 malum
751 1957 878 2026 lucrinus,
903 1977 918 2017 a
941 1959 1019 2027 inre,
1043 1978 1154 2021 canone
1178 1960 1220 2021 rol
1244 1961 1280 2020 ab
1304 1959 1421 2019 bomine
1443 1957 1532 2019 lalau

220 2063 376 2130 sementim
411 2063 541 2140 quisquis
562 2062 712 2120 incaesteun
737 2059 780 2120 nel
803 2058 976 2121 adulterium
1000 2063 1182 2132 commisisti,
1215 2063 1342 2139 virgines
1370 2062 1499 2139 rapuisti,

168 2194 209 2207 -
221 2173 368 2225 matronas
391 2164 603 2241 constuprasti;
627 2163 756 2240 quisquis
772 2162 925 2239 peierasti,
949 2164 1121 2225 antecedent
1138 2165 1246 2233 iecisti,
1270 2163 1314 2224 rel
1329 2184 1344 2224 a
1360 2163 1500 2240 religione

154 2283 212 2332 eoo.
223 2266 381 2336 descivisti,
415 2263 504 2326 seruet
532 2273 619 2342 atque
646 2266 767 2331 iterum;
801 2266 896 2324 omnis
919 2265 1159 2345 presbyterieida,
1194 2267 1268 2326 etsi
1290 2266 1355 2345 quis
1382 2266 1502 2325 bnmani

222 2472 286 2549 quis
308 2488 390 2530 sacra
414 2469 522 2546 legisti,
555 2466 662 2544 templa
684 2466 828 2544 spoliasti,
861 2467 946 2528 liceat
969 2477 1111 2547 perpetuo
1133 2467 1231 2547 spoliis
1254 2470 1310 2529 irui
1331 2470 1412 2529 bisce
1438 2467 1532 2536 tibin

222 2591 318 2651 neque
340 2571 467 2633 ablutum
491 2570 614 2630 reddere
643 2570 754 2628 coactio
783 2570 827 2629 sit.
873 2571 990 2640 Audite,
1024 2571 1074 2632 ubi
1103 2571 1153 2631 nbi
1182 2573 1264 2639 ostis,
1299 2571 1344 2631 dei
1371 2577 1501 2632 coutem-

154 2693 212 2742 un.
223 2683 322 2756 ptores
350 2683 378 2735 ct
400 2672 586 2734 inmunitatis
614 2672 708 2730 ounris
736 2678 885 2748 expertes:
921 2673 966 2733 bic
993 2692 1081 2751 parco
1109 2675 1224 2752 negotio
1255 2675 1408 2734 maximam
1437 2691 1501 2752 pes·

222 2781 362 2839 simorum
400 2773 543 2835 scelernm
583 2775 750 2850 spurcitiem
786 2773 884 2834 eluere
921 2776 1001 2836 nobis
1033 2774 1114 2844 lieet,
1152 2793 1258 2853 nempe
1293 2776 1379 2836 buius
1413 2775 1500 2843 ende,

221 2900 307 2960 ipurnn
330 2879 396 2940 lieet
418 2878 536 2955 inrpuuo
559 2876 647 2935 estivis
670 2875 782 2937 iacere:
816 2877 954 2955 quiequid
977 2885 1019 2938 est
1047 2879 1174 2938 enormis
1203 2876 1313 2949 delicti,
1342 2876 1499 2955 quodquod

221 2982 380 3042 inauditum
405 2980 529 3045 lacinus,
554 2975 723 3037 incredibile
746 2977 856 3047 seduc,
880 2979 976 3040 audite
998 2998 1060 3049 ure,
1090 2980 1202 3048 audite,
1232 2982 1384 3047 Germani,
1415 2980 1532 3039 octauo

220 3082 355 3160 lftssssnfittt²⁶
380 3081 438 3150 lin
461 3097 592 3140 sororem
616 3098 725 3146 meatu,
750 3078 860 3138 lbrllam
884 3082 976 3140 (laneo
1004 3081 1128 3149 doudni,
1159 3084 1270 3162 siquis
1297 3102 1329 3143 ea
1359 3081 1502 3141 commisit

223 3206 287 3267 (pne
310 3186 369 3245 sedi
393 3183 557 3262 apostolieae
580 3182 723 3241 reservari
754 3183 896 3258 rqurrtnit,
932 3190 961 3242 et
988 3201 1053 3262 qnae
1081 3184 1196 3264 publica
1225 3185 1392 3263 poenitentia
1420 3181 1501 3243 luere

154 3310 212 3358 cn,
226 3289 381 3367 preceptio
405 3294 463 3355 est,
487 3286 535 3365 qni
558 3292 659 3344 contra
683 3282 798 3360 regulas
820 3284 1006 3346 Caricellarim
1028 3288 1116 3365 gessit
1136 3286 1258 3366 aliquid,
1282 3285 1501 3366 quomodocun-

221 3410 277 3471 quc
299 3397 348 3450 ant
371 3388 620 3467 qualitercunque,
644 3385 703 3444 siro
725 3386 880 3463 spiritualis
896 3386 983 3447 luerit
1004 3389 1062 3450 sivc
1085 3389 1247 3458 secularis,
1271 3389 1332 3449 banc
1354 3396 1398 3448 est
1413 3389 1456 3448 via
1473 3396 1502 3448 ut

220 3495 274 3554 sibi
297 3492 451 3559 reddatur,
474 3489 521 3550 bic
545 3496 575 3547 nt
598 3495 786 3547 consanescat
811 3489 923 3549 modus.
968 3489 1140 3570 Quicunque
1168 3492 1282 3551 emistis
1309 3491 1387 3571 qnod
1414 3502 1533 3569 gravene

220 3597 257 3655 sit
282 3594 421 3662 reddere,
456 3609 510 3668 ego
537 3589 618 3649 vobis
646 3606 747 3648 curam
776 3589 877 3659 demo;
912 3610 970 3651 non
1000 3612 1052 3671 per
1080 3614 1127 3654 me
1156 3611 1210 3671 ego
1233 3595 1366 3673 quidem,
1400 3592 1451 3653 sed
1479 3592 1501 3652 si

221 3697 299 3757 bunc
327 3694 542 3760 interfeceritis,
575 3693 636 3751 tore
665 3691 802 3768 promitto
831 3700 863 3752 ut
890 3692 966 3754 brrati
994 3695 1063 3755 sitis.
1102 3696 1158 3756 boc
1180 3703 1276 3757 autem
1305 3697 1390 3756 laciet
1417 3713 1502 3755 soror

222 3799 353 3880 quamam
376 3815 454 3862 mea,
478 3795 572 3854 statitn
595 3792 777 3870 subsequens
803 3812 858 3854 me.

153 3894 357 3978 pe·,ll¹,¹‚',¹,2„„‘3„l
421 3916 581 3957 cremans.
619 3894 722 3953 dndin'
744 3894 828 3956 allatu
852 3916 916 3958 esse
939 3917 1003 3977 quae
1030 3908 1057 3960 te
1086 3908 1178 3978 petat,
1208 3899 1337 3960 Bullaml
1367 3919 1399 3961 ea
1428 3901 1503 3961 banc

220 4004 357 4083 praemisit
380 3999 482 4060 turbas
504 4003 692 4072 excepturum
715 3998 840 4074 primas;
870 4003 930 4080 ipsa
955 4004 982 4063 in
1006 4003 1115 4063 insidiis
1137 4009 1194 4069 est,
1227 4003 1293 4062 inde
1315 4003 1364 4063 nlri
1387 4004 1501 4062 occasio
1511 4016 1533 4056 u

221 4109 290 4176 erit,
313 4101 441 4182 prodibit
462 4106 490 4159 te
513 4104 624 4158 contra.

283 4223 454 4269 nvrrnuvs.
492 4200 593 4276 Neque
615 4215 669 4274 ogo
692 4219 845 4263 oceurrarn
869 4207 973 4265 serius.

285 4325 446 4369 rnnnnres.
485 4301 577 4361 itane
600 4301 721 4370 virltde,
744 4305 887 4382 siquidem
911 4307 1093 4385 perdurabis.

154 4434 211 4482 ura.
284 4431 392 4472 omnm.
431 4406 491 4465 Etsi
521 4404 556 4464 do
584 4404 660 4463 lacto
687 4404 743 4465 iarn
773 4409 905 4486 quisquis
935 4411 990 4470 boc
1020 4410 1101 4477 iacit,
1138 4413 1233 4471 onmia
1269 4412 1331 4471 bne
1363 4417 1502 4479 merctur,

222 4536 329 4571 sunna.
349 4510 356 4596 Ι
379 4511 477 4571 adeste
500 4515 678 4579 Saetrsones,
703 4516 789 4591 atque
813 4515 887 4575 banc
910 4512 985 4573 beno
1006 4513 1100 4574 locate
1116 4531 1234 4592 operum
1252 4513 1351 4582 nolds;
1375 4515 1397 4572 si
1415 4513 1502 4573 iacie-

226 4644 419 4653 .—.—-——

256 4702 276 4736 ¹⁴
289 4704 374 4768 ‹qnisq3
389 4706 413 4751 1.
451 4702 470 4734 ¹¹³
483 4705 671 4770 prosbyricidn
685 4700 708 4745 1.
744 4699 1273 4766 ²⁶buniade]cf.Tnad.R0m.§.2tn.
1309 4699 1502 4750 ⁴⁰iinnononl¹
