3382 5370
433 374 497 427 1111.
567 388 704 423 ronanus,
742 386 880 422 oracocvs
900 386 1081 422 urrannrcvs.
1101 369 1184 433 (13111.)
1397 353 1441 424 91

165 552 275 624 qnutos
297 544 347 604 nbi
370 544 439 612 sim,
463 561 499 603 ue
521 544 594 604 dem
616 543 733 622 quidem
756 561 820 603 esse
835 560 972 620 quaeram,
989 541 1140 620 colamque
1155 543 1323 602 modestiam
1341 541 1370 601 io
1385 560 1447 601 nro·

168 646 250 706 ribus
277 653 305 705 et
335 644 528 724 frugalitatem
560 646 588 705 in
620 646 695 705 rictu
718 645 790 705 citra
819 645 1054 724 superstitionem
1085 642 1255 724 splendidus
1289 648 1317 704 et
1346 661 1447 703 curam

166 747 271 808 lautus.

228 870 379 912 3333333.
417 848 497 909 bona
520 848 607 909 rerba
630 848 724 908 audio.
1456 853 1514 904 §.aa

142 965 155 1003 ³
230 970 401 1013 uvareuvs.
439 953 475 1010 111
496 951 584 1010 verba
606 969 655 1011 res
676 957 823 1028 sequetur.

230 1073 380 1115 3333333,
418 1054 453 1112 dt
484 1055 513 1113 in
546 1051 732 1112 ambitionum
764 1051 913 1112 abducunt
944 1052 1062 1120 divitie,
1095 1049 1243 1112 libidinem
1276 1060 1305 1112 et
1337 1051 1446 1130 gulam;

166 1155 230 1215 llaec
252 1154 356 1215 deinde
380 1156 408 1214 io
431 1152 574 1233 pericula,
597 1154 632 1213 ad
655 1155 801 1214 infamiam
825 1161 852 1213 et
874 1153 1002 1213 morbos.
1046 1153 1212 1214 bleonueris
1235 1159 1331 1215 autern
1353 1154 1449 1232 gravis

166 1257 318 1318 3333113313
341 1256 479 1335 Epicteti,
503 1258 578 1316 inter
601 1255 726 1316 difficilia
749 1257 884 1335 ponentis
907 1263 956 1316 aut
977 1255 1094 1315 divitem
1117 1272 1179 1315 esse
1203 1254 1375 1324 modestum,
1399 1262 1448 1314 aot

167 1358 331 1419 modestum
354 1357 479 1419 divitem.

132 1473 157 1514 11
231 1480 403 1522 nvrrnnrs.
441 1459 559 1530 Quoties
581 1460 673 1520 dicam
697 1479 755 1520 uon
779 1465 917 1538 aqqretrre
939 1460 1126 1527 (indiacum,
1149 1457 1200 1519 sed
1217 1459 1379 1519 necessaria
1394 1477 1445 1537 pe·
1456 1468 1514 1518 171.

167 1565 249 1624 terei
279 1580 354 1642 opus
376 1569 419 1622 est
449 1563 524 1622 enirn
554 1564 693 1641 pecnnia,
724 1580 798 1641 opus
827 1569 887 1629 est,
916 1562 1007 1639 iuquit
1030 1561 1253 1631 llemostfreues,
1281 1554 1448 1640 deceptio

166 1659 345 1744 χρημάτων
366 1660 470 1742 μηδὲν
493 1660 562 1724 ἐστι
584 1659 742 1743 γενέσθαι
765 1664 832 1723 τῶν
853 1657 1011 1724 δεόντων.
1056 1662 1091 1723 da
1114 1662 1239 1741 aliquid,
1267 1664 1383 1738 regina,
1412 1661 1448 1722 da

167 1784 281 1845 «quaeso,
305 1765 410 1826 rideris
431 1767 507 1826 eninr
531 1784 626 1844 posse.

230 1888 382 1928 roarvna.
420 1867 483 1928 bini
505 1866 668 1946 periculum
692 1885 754 1927 esse
776 1868 806 1927 io
821 1866 1006 1944 accipiendo,
1030 1866 1108 1945 quod
1124 1865 1196 1927 mala
1212 1865 1337 1927 tribuam
1353 1867 1448 1927 etiam.

136 1987 160 2027 ia
235 1989 405 2030 aversare,
443 1971 484 2030 Ex
508 1970 564 2030 froc
586 1968 692 2048 aliquid
716 1987 808 2028 cornu
831 1967 946 2045 largire.

231 2092 383 2133 3333333.
422 2072 497 2146 Qirid
525 2073 548 2130 si
578 2087 716 2147 magnoin
745 2070 812 2130 inde
839 2068 948 2130 malum
976 2070 1110 2131 adiecero
1139 2070 1205 2138 tibi,
1242 2077 1283 2130 est
1312 2071 1388 2131 euim
1419 2078 1471 2130 at‘

167 2173 259 2243 bona,
282 2174 323 2233 sic
345 2174 430 2234 etiam
453 2171 526 2233 mala
550 2173 689 2233 refertum
713 2174 804 2251 copia.

231 2295 400 2337 rrvrrnurs.
439 2274 579 2354 Repetitis
601 2293 648 2334 me
671 2275 779 2334 caussis
795 2274 893 2334 differs
914 2275 942 2334 io
965 2272 1100 2352 longum,
1124 2274 1192 2335 dea:
1216 2281 1300 2354 potes
1315 2281 1356 2343 tn,
1379 2275 1448 2343 seio,

169 2378 279 2438 bonurn
301 2376 417 2456 aliquod
440 2394 571 2437 seorsum
595 2376 674 2436 dare.

132 2492 159 2530 ²⁰
231 2499 382 2540 rorrrrna.
420 2479 478 2539 farn
502 2479 583 2539 dedi:
606 2497 641 2538 au
666 2480 801 2557 ignorare
824 2497 869 2539 rne
893 2485 992 2555 portas,
1017 2478 1094 2556 quod
1117 2485 1145 2538 13
1168 2478 1336 2558 complexus
1351 2477 1517 2539 3111113111.

169 2582 342 2661 episeopus?
364 2571 414 2640 ant
436 2600 494 2641 oon
517 2583 588 2641 meis
610 2581 667 2641 hoc
689 2579 804 2640 casibus
827 2582 921 2640 refers
943 2583 1114 2657 acceptum?

232 2703 404 2744 aversare.
441 2682 578 2744 Referam
600 2683 623 2742 si
652 2683 706 2752 ris,
735 2682 785 2742 sed
814 2683 873 2742 dixi
901 2683 1097 2742 inconstantes
1123 2700 1187 2742 esse
1215 2683 1380 2762 principum
1410 2682 1450 2742 fa-

169 2803 270 2852 vores:
293 2784 362 2864 qnid
385 2786 410 2845 si
432 2804 478 2847 me
501 2784 616 2844 deserat
638 2784 729 2852 eninr,
754 2783 804 2844 ubi
827 2783 897 2846 illud
920 2783 1100 2846 deferbuerit
1122 2803 1180 2865 quo
1203 2801 1281 2846 nnnc
1296 2785 1379 2846 ardet
1394 2786 1452 2846 mei

169 2887 316 2946 studium?

134 3001 160 3040 ²⁵
231 3009 382 3049 3333333.
420 2988 503 3050 'feroc
531 2987 618 3048 alium
646 3006 732 3067 spera
758 2988 878 3048 daturos
906 2989 1023 3050 eosdem
1048 3007 1131 3050 casus
1153 2991 1202 3069 qui
1225 2995 1253 3050 te
1276 3005 1334 3049 non
1357 2991 1451 3049 urinas

169 3098 254 3151 amet.

233 3213 403 3254 33333333.
442 3192 559 3263 Otiidris
582 3193 678 3271 potius
701 3211 787 3270 quam
810 3210 929 3271 sperare
951 3193 1032 3262 iube;
1062 3200 1149 3272 atque
1177 3200 1208 3252 nt
1230 3191 1372 3272 intelligas
1394 3211 1450 3272 qua
1460 3199 1518 3250 111.

169 3301 198 3354 te
219 3294 420 3354 irrederalione
441 3294 534 3373 siquid
557 3292 639 3355 dabis
662 3296 702 3355 oti
725 3291 824 3363 velini,
847 3296 925 3354 iuxta
947 3302 1028 3354 retus
1050 3294 1106 3354 boc
1130 3295 1341 3374 ‘Paupertatem
1365 3304 1393 3357 et
1409 3294 1450 3356 di·

171 3397 251 3456 ritias
273 3415 309 3457 ne
332 3396 447 3458 dederis
469 3395 557 3464 ruilri',
582 3403 692 3456 tanturn
715 3395 751 3456 ab
775 3398 809 3456 iis
831 3414 895 3474 qum
917 3403 947 3454 tn
970 3396 1124 3456 metuenda
1146 3405 1231 3475 putas
1246 3397 1364 3465 absum,
1388 3395 1451 3477 pol·

137 3497 319 3577 ³⁰lireorque
341 3497 394 3559 tibi
415 3496 484 3558 nibil
507 3499 650 3558 facturum
673 3517 720 3559 me
743 3499 771 3558 in
794 3498 848 3557 rita
872 3494 997 3557 molliter
1019 3504 1069 3556 aut
1084 3496 1218 3567 delicate,
1241 3501 1337 3559 ournia
1353 3518 1450 3578 parce,

170 3599 268 3660 sobrie
290 3607 317 3660 et
340 3599 479 3662 modeste.

233 3722 384 3763 rourum.
423 3703 532 3780 Dignus
555 3702 658 3773 videris
681 3703 730 3781 qui
753 3701 828 3761 bona
851 3700 967 3762 babeas.
1460 3707 1518 3757 111.

234 3825 406 3866 urrunnun.
446 3803 486 3865 lta
510 3823 563 3883 prr
585 3805 698 3881 lovem:
728 3806 770 3864 eia
793 3822 863 3882 ergo
887 3803 956 3864 illud
980 3802 1099 3864 obverte
1122 3820 1229 3872 corun,
1258 3803 1325 3864 inde
1348 3822 1451 3882 pronre

171 3925 229 3985 quo
252 3907 451 3967 necessitatem
475 3907 552 3967 ferre
576 3925 689 3985 quomo,
713 3913 742 3966 et
763 3904 915 3965 calamitati
930 3907 1012 3984 siqua
1027 3906 1144 3983 ingruat
1159 3923 1217 3983 quo
1233 3904 1344 3966 mederi
1358 3905 1450 3966 liceat.

172 4045 196 4052 ..-

171 4133 262 4178 autem
281 4128 367 4192 siquis
386 4126 548 4179 felicitatem
568 4127 656 4185 foret,
682 4126 823 4175 3113311333
841 4126 939 4191 opibus
964 4142 997 4176 oc
1020 4126 1121 4175 famam
1144 4126 1256 4191 insuper
1278 4125 1394 4187 addens,
1416 4141 1451 4175 ne

172 4217 274 4277 querat
292 4212 359 4262 deno
384 4212 450 4261 fieri.
520 4208 650 4277 ⁸Epiet.]
675 4210 806 4276 apstob.
821 4208 1014 4261 Florianus.
1035 4205 1174 4275 Δυοχερὶς
1196 4199 1254 4272 ἄρα
1276 4208 1452 4260 πλουτοῦντα

175 4298 346 4362 σωφρονεῖν,
371 4284 389 4361 ἢ
412 4294 615 4361 σωφρονοῦντα
638 4296 779 4346 πλουτεῖν.
850 4294 868 4328 ¹¹
888 4293 1040 4360 Demoslh.]
1065 4295 1176 4359 Olynth.
1202 4311 1245 4361 ap.
1264 4294 1451 4345 1113131113311.

174 4381 245 4432 XCI.
258 4380 300 4431 31).
319 4381 375 4431 Δεῖ
391 4374 426 4445 δὴ
446 4374 609 4446 χρημάτων,
633 4377 682 4430 aul
700 4370 771 4431 ἄνευ
788 4375 895 4430 τούτων
913 4369 1000 4431 οὐδέν
1018 4371 1074 4430 ἔστι
1092 4378 1148 4431 τῶν
1166 4372 1289 4430 δεόντων
1307 4373 1452 4445 γενέσθαι.

173 4466 248 4531 Opus
266 4466 392 4530 profecto
410 4470 452 4515 331
470 4467 608 4530 pecuniis,
633 4482 684 4515 nee
708 4467 766 4515 aine
791 4465 832 4515 hia
856 4466 1001 4529 quicquum
1025 4481 1116 4516 333333
1133 4481 1195 4530 qum
1213 4466 1373 4516 necessaria
1390 4471 1454 4514 sant

174 4550 270 4615 pertici
294 4556 394 4615 potest.
450 4548 471 4582 ²¹
496 4547 592 4616 episc]
617 4550 746 4600 Albertus
764 4548 992 4615 Mogontinensfs.
1050 4543 1072 4580 ²³
1089 4547 1211 4614 deserat}
1230 4550 1317 4599 Recte
1336 4563 1452 4615 angura-

174 4642 218 4684 tos
237 4642 279 4684 eet
296 4636 443 4684 Hnttenus.
492 4632 517 4667 ¹³
534 4641 613 4686 33133
632 4631 692 4700 boe]
712 4636 840 4684 l’rorerb
854 4633 975 4684 1111118,
996 4633 1221 4695 „mendieitntem
1241 4640 1268 4683 et
1286 4634 1452 4685 divitiaene

176 4719 284 4769 dederis
302 4720 381 4782 mihi3
401 4720 490 4770 tribue
507 4725 614 4772 tantum
633 4720 719 4769 victui
739 4735 798 4769 meo
816 4719 1001 4775 3333333313.”’
