3382 5370
370 339 436 390 1111.
506 355 642 389 ronanus.
678 354 816 389 uiaoouvs
836 355 1018 391 urrrmucvs.
1041 338 1127 405 (1519.)
1392 327 1440 399 83

221 528 394 568 nvrremrs.
434 506 581 584 intelligo,
606 527 710 588 ncuipo
732 510 756 568 si
780 527 887 588 corpus
909 527 961 588 per
984 510 1175 571 ualetudinem
1204 510 1353 572 laboribus
1380 514 1440 573 sni·

158 610 249 677 ficiet,
283 620 312 670 ct
335 627 416 669 meus
438 611 474 668 sit
497 629 561 687 qnoe
583 610 728 671 delectum
758 609 867 671 lralacco
895 613 982 680 sciat,
1017 620 1048 672 ut
1075 612 1144 673 nihil
1174 624 1283 673 teiucro
1312 614 1440 684 suadeat,

158 727 253 788 nequo
276 711 405 771 honores
427 713 454 770 in
479 730 550 792 pace
572 712 694 779 dolrem,
724 731 820 791 neque
847 713 876 772 in
903 711 979 772 bello
1008 712 1094 774 salus.
1140 723 1280 795 praterea
1303 715 1441 777 amalnmt

158 812 358 873 huiuscemodi
381 813 507 874 laourinis
528 815 611 874 sitam
635 834 737 875 omues
759 822 787 875 et
815 814 890 875 liene
920 814 1032 885 volent,
1067 823 1095 876 et
1123 836 1158 876 ex
1187 815 1287 877 laltore
1314 837 1348 878 ac
1378 817 1440 878 dili·

130 931 143 965 r.
157 916 253 990 gentio
276 921 407 975 crescent
430 932 509 993 opes.

220 1037 373 1079 rourum.
410 1017 517 1086 ticine,
542 1024 572 1077 ut
594 1019 639 1079 vix
661 1017 767 1097 aliquid
792 1020 887 1098 prius:
916 1019 1003 1094 igitur
1025 1018 1192 1096 diligentem
1216 1039 1278 1081 esse
1299 1028 1329 1081 tc
1352 1033 1508 1100 opor-tou.

157 1125 197 1178 tet
219 1127 245 1179 et
268 1117 405 1178 solertem
428 1137 463 1178 ac
485 1118 634 1187 sedulum,
665 1120 824 1198 carcerique
848 1139 973 1200 operose
995 1140 1028 1180 ea
1058 1139 1123 1198 quee
1150 1122 1269 1199 adsequi
1298 1123 1382 1191 uelis,
1412 1131 1440 1183 ot

157 1222 283 1300 experiri
306 1239 371 1300 qua
394 1220 469 1281 scire
492 1228 611 1299 exoptas
634 1221 782 1282 industrie.
828 1241 918 1300 qnare
941 1222 1102 1301 prudenter
1123 1223 1347 1303 achoplrunte
1369 1226 1440 1284 scri·

156 1330 238 1400 ptum
262 1330 322 1390 est,
347 1324 390 1382 las
412 1341 469 1382 non
493 1340 555 1383 csse
578 1342 593 1381 a
617 1323 671 1383 deo
693 1330 809 1402 petere,
833 1330 865 1383 ut
887 1324 1049 1401 ignorando
1066 1332 1229 1403 equestrem
1246 1344 1373 1404 pugnam
1390 1344 1441 1385 ocis

122 1424 205 1502 ioqui
228 1424 314 1501 periti
336 1431 404 1484 sunt
426 1425 536 1491 vincas,
565 1431 615 1484 aut
645 1426 855 1503 nauigationem
884 1426 1021 1504 ignorans
1049 1432 1081 1486 ut
1109 1444 1209 1487 narem
1232 1434 1311 1487 recte
1334 1427 1440 1505 guluc-

156 1543 223 1593 iios,
246 1523 291 1585 rel
313 1526 465 1604 imperitus
486 1543 586 1586 semen
609 1527 765 1606 spargendi
788 1533 820 1587 nt
841 1525 1019 1588 frumentum
1043 1526 1198 1606 aliqnando
1220 1530 1360 1608 optimum
1380 1529 1439 1589 col·

155 1625 245 1704 ligas,
268 1645 364 1705 neque
386 1627 409 1688 si
432 1634 460 1687 to
482 1646 541 1688 non
565 1628 727 1699 custodias,
756 1635 788 1688 ut
810 1647 825 1687 a
848 1628 903 1688 deo
925 1630 1058 1690 serveris.

218 1749 392 1790 rrvrrsuvs.
430 1729 541 1791 literas
564 1731 620 1790 iam
643 1738 710 1791 acite
732 1731 833 1798 didici,
857 1729 893 1790 ad
916 1738 944 1791 to
967 1737 998 1791 ut
1020 1731 1157 1792 ditescam
1180 1733 1273 1792 venio.
1449 1750 1508 1801 §.su

218 1851 371 1893 rourum.
409 1832 445 1892 Et
466 1839 494 1892 te
517 1849 586 1909 ego,
618 1838 649 1891 nt
671 1831 699 1892 id
722 1831 904 1911 adsequeris,
933 1831 1100 1910 diligentem
1123 1851 1157 1893 ac
1180 1834 1441 1896 industriumesse

123 1932 258 2001 uulua,
282 1932 411 2012 nihilque
433 1933 509 2014 apud
534 1934 629 1995 locem
652 1942 784 1994 acturum
808 1934 873 1993 dico
895 1953 1017 1994 cruorem
1040 1942 1140 2013 petere
1161 1935 1295 1995 adortum
1311 1935 1441 2014 qudem·

157 2053 298 2113 cumque.
333 2035 443 2096 etiamsi
473 2043 588 2097 centum
618 2036 725 2097 bonam
754 2036 888 2096 sacriticii
919 2035 1116 2114 corruptelam
1145 2036 1325 2105 aclrnoliaris.
1359 2040 1441 2118 qumi

155 2156 225 2197 uero
247 2138 429 2197 matrimonia
451 2136 623 2198 mortalibus
646 2135 779 2198 conciliet
801 2137 849 2198 ille
872 2144 900 2197 ct
922 2138 1038 2216 nuptias
1060 2137 1215 2216 dispenset,

219 2260 390 2301 morasus.
429 2239 520 2318 lgitnr
542 2239 721 2319 providentia
744 2246 806 2308 est,
836 2240 882 2300 dic
905 2256 974 2316 age,
998 2247 1027 2299 ct
1048 2257 1135 2318 qnam
1158 2235 1322 2321 πρόνοιαν
1346 2243 1507 2302 Graeeisaa.

155 2346 275 2401 uocanti

120 2457 147 2496 ²⁰
218 2464 369 2505 ronrvua.
409 2442 502 2523 Aliqui
526 2451 642 2523 putant,
672 2461 726 2522 ego
749 2462 796 2504 me
819 2462 882 2504 esse
904 2444 974 2503 scio.

219 2566 391 2607 cerrenus.
430 2545 465 2606 n
498 2564 552 2624 ego
585 2545 684 2615 video,
718 2564 817 2606 norrun
852 2545 912 2605 sola
944 2563 981 2605 en
1009 2546 1064 2614 sis,
1099 2545 1126 2606 id
1156 2545 1285 2624 nunquid
1316 2554 1359 2607 est
1389 2565 1440 2606 no·

156 2656 217 2708 tum
239 2647 308 2708 tibil

217 2770 369 2811 rourum.
408 2748 503 2810 lovem
526 2751 636 2828 pariter
658 2768 721 2810 esse
744 2751 820 2818 seio,
844 2750 893 2826 qui
916 2768 963 2809 mo
986 2748 1162 2816 exoculavit,
1193 2748 1269 2810 illam
1293 2769 1361 2810 roro
1383 2768 1439 2828 qua

155 2852 191 2911 do
214 2853 320 2931 quoeris
342 2852 551 2931 providentiam
574 2851 643 2912 boni
665 2851 810 2911 inalornm
833 2869 986 2911 successus
1009 2851 1196 2929 redarguunt.

119 2967 146 3006 ²⁵
218 2974 389 3015 siverimus.
427 2953 458 3014 ld
481 2955 558 3031 quod
581 2954 724 3032 suspicari
745 2952 849 3031 aliqads
872 2958 980 3032 potest,
1003 2953 1026 3012 si
1049 2951 1181 3012 mortalia
1204 2962 1307 3014 cenent
1328 2956 1506 3034 superinos.

155 3073 303 3134 nunqnam
326 3057 539 3134 permissuros,
568 3062 600 3114 ut
622 3053 786 3115 felicissirne
808 3062 894 3132 agant
916 3055 1032 3134 pessimi
1061 3054 1242 3134 coniplnres,
1270 3074 1435 3136 quampiam

155 3160 216 3236 ipse
233 3176 328 3237 mmor
344 3157 415 3218 deos
432 3176 496 3218 osso
514 3164 543 3218 ct
559 3155 725 3218 mortalium
745 3175 796 3216 eos
812 3174 911 3217 cnranr
929 3155 1039 3216 liabcre
1056 3175 1162 3234 magrm
1178 3158 1284 3218 indicio
1308 3159 1438 3235 cognovi.

218 3280 369 3321 rourva'a.
407 3260 539 3331 Quonam
563 3257 629 3318 illo?

217 3381 387 3423 inmersus.
426 3361 509 3432 Qucid
533 3361 584 3420 ista
608 3379 711 3439 passus
733 3368 776 3420 cst
797 3358 844 3420 ille
866 3360 895 3420 iu
919 3360 1020 3420 Suevis
1041 3368 1195 3439 tyrannm,
1226 3361 1274 3438 qui
1298 3379 1364 3421 crim
1388 3368 1505 3424 tironos.

121 3463 254 3523 ³⁰lav0rc
276 3470 355 3523 tutus
377 3461 431 3522 sibi
454 3462 617 3531 videretur,
646 3462 683 3521 ob
707 3461 794 3539 idque
817 3460 1031 3521 exultahnndus
1060 3462 1232 3529 confideret,
1262 3481 1296 3520 ae
1323 3479 1437 3521 saumno

154 3565 283 3624 omnium
308 3565 384 3623 circe
407 3571 485 3624 rrietu
509 3582 571 3624 rem
594 3563 680 3624 exitio
704 3562 817 3631 multis,
846 3563 993 3622 coiaamuni
1017 3563 1180 3623 decurrantur
1208 3561 1338 3641 periculo
1362 3565 1442 3626 italie.

154 3685 218 3726 ram
240 3666 464 3745 aggrederetur,
488 3665 584 3725 subito
607 3665 690 3742 (perosi
713 3665 839 3741 quodam
863 3665 936 3724 ictus
960 3663 1081 3724 lulmiue
1104 3663 1229 3724 concidit
1251 3683 1285 3724 ac
1309 3673 1437 3742 prostra-

154 3776 201 3828 tus
223 3777 274 3829 cst.

216 3890 368 3932 rourrua.
406 3869 518 3930 itabant
541 3869 596 3929 hoc
619 3887 711 3929 casus.

121 3985 146 4027 ³⁵
219 3991 390 4034 uvrrnuvs
427 3973 463 4030 At
484 3971 538 4032 lios
559 3970 631 4031 deus
653 3968 843 4049 gulicrnaliat.

216 4094 366 4136 roure-un.
404 4073 495 4133 lmmo
519 4091 576 4132 non
598 4080 695 4133 essent
717 4089 811 4138 casus
833 4071 856 4129 si
879 4088 929 4129 eos
952 4077 1067 4146 regmet
1089 4068 1208 4147 aliquis:
1232 4087 1267 4128 an
1284 4068 1502 4129 consiliarent-tr».

154 4195 216 4236 esse
239 4176 268 4235 in
291 4176 414 4235 lortnitis
437 4172 527 4236 ullum
550 4176 661 4253 potest?

220 4415 230 4447 ⁸
248 4410 385 4478 Xenoph.]
404 4411 546 4478 Cyroptod.
561 4411 651 4471 1.o,o.
704 4409 725 4442 ¹⁸
743 4400 893 4473 πρόνοιαν]
913 4410 1122 4475 prouidentiam.
1183 4408 1205 4441 ²⁰
1223 4413 1323 4474 putant
1336 4416 1360 4457 et
1374 4410 1433 4458 scio

152 4506 321 4564 opponuntur.
374 4497 395 4530 ¹⁹
414 4498 441 4547 in
460 4498 541 4546 Sues.
561 4494 625 4562 tyn]
644 4494 755 4544 Ulricus
774 4494 826 4544 dux
846 4494 1095 4557 l'irtcnbergensis.
1129 4490 1434 4557 ³⁴cos11s]Plin.ll.N.

151 4584 187 4635 ll.
201 4584 254 4634 lm.
273 4582 416 4646 „adeoque
436 4581 561 4630 obnoxice
580 4595 671 4630 sunites
689 4581 784 4641 sortis,
805 4583 834 4627 ut
846 4577 910 4628 Sors
930 4580 990 4643 ipsu
1008 4578 1125 4644 prodeo
1143 4578 1192 4635 sit,
1217 4594 1271 4643 qua
1289 4578 1356 4627 dous
1374 4595 1433 4643 pro-

151 4669 233 4719 betur
250 4669 396 4719 incertns''.

1162 4748 1203 4806 6*
