3382 5370
377 354 410 402 X.
481 368 774 403 ›corciroasncrsnrs
846 367 983 401 iunximus
1003 366 1185 403 nvrrsrucvs.
1206 350 1292 416 (taio.)
1396 336 1467 407 359

195 522 241 584 lus
264 521 467 584 reclamanteis
490 525 620 583 certatim
643 523 824 592 sacerdotes,
853 540 911 582 non
934 523 1101 583 effecturam
1124 539 1234 599 paucos
1256 524 1329 582 intra
1352 515 1360 585 Ι
1381 519 1470 598 bilbili,

192 645 307 687 meuses
323 626 425 694 tuisse,
448 632 523 684 utet
545 624 648 684 melius
671 626 798 684 uiuerent
820 625 867 685 hie
889 625 1036 694 homines,
1061 633 1089 704 et
1110 643 1161 683 sua
1185 623 1354 702 Imperatori
1377 623 1469 702 digui-

193 736 237 788 tas
259 729 478 793 restitueretur.
503 726 570 786 ntuli
592 745 626 786 ac
649 727 802 804 perniciosi
824 727 861 787 de
883 734 1025 804 occupato
1047 726 1083 787 ab
1106 745 1138 786 se
1160 732 1234 787 statu
1257 725 1470 786 deiicerentnr?

192 832 228 890 ht
242 848 320 890 nnnc
335 828 371 889 ab
387 829 421 889 iis
443 846 508 908 quae
529 829 656 906 gerenda
679 828 803 888 maxime
825 835 853 889 et
868 831 993 906 primum
1013 837 1104 898 erant,
1127 829 1188 907 ipse
1210 847 1272 888 ces·
1287 831 1295 902 Ι
1310 825 1469 903 Pullk'ffiffij

174 950 263 992 asans
284 931 456 991 Pontificum
480 948 604 1000 caussae,
636 930 673 988 oh
698 930 843 990 decedens
865 929 979 991 lucrum
1002 931 1055 990 sibi
1078 929 1211 991 laborare
1234 932 1289 991 iam
1314 930 1468 1007 incipienti,

192 1031 401 1093 sullamulatur.

256 1156 404 1196 uoxrron.
443 1135 583 1213 Equidem
613 1134 669 1193 ridi
692 1141 733 1192 tot
755 1133 904 1195 mensibus
926 1133 996 1195 nihil
1019 1135 1064 1211 agi
1087 1137 1162 1195 circa
1186 1153 1216 1193 se
1239 1132 1315 1194 aliud
1338 1145 1534 1211 possumne.

193 1244 222 1297 et
243 1238 271 1297 iu
295 1236 414 1297 Lutheri
442 1237 558 1315 negotio
587 1245 701 1314 tempus
732 1238 890 1297 extraxisse
920 1235 998 1305 illm,
1027 1237 1162 1297 omnibns
1190 1237 1305 1297 interim
1328 1234 1381 1296 alia
1404 1253 1467 1295 esse

192 1339 319 1417 gerenda
342 1356 418 1398 xrxrrrc
441 1338 678 1407 vociferantibus
701 1344 733 1397 ut
756 1339 842 1399 etiam
864 1338 912 1397 hie
934 1348 1029 1399 tecum
1046 1340 1183 1407 seutiam,
1206 1356 1259 1398 sno
1282 1338 1378 1416 potius
1400 1355 1466 1397 crn-

159 1441 235 1501 usui
257 1439 476 1519 relinquendam
498 1440 573 1500 hanc
595 1458 675 1508 rem,
699 1441 860 1517 praeserthn
883 1441 918 1500 ad
942 1440 1034 1500 bonos
1056 1449 1084 1501 et
1106 1440 1248 1503 salubreis
1269 1439 1389 1500 tendere
1404 1440 1463 1499 exi·

191 1552 326 1603 tuscum
349 1542 491 1610 rideatur,
522 1542 610 1602 luisse
639 1560 725 1620 quaxn
754 1560 866 1602 summa
895 1544 1063 1620 interposita
1090 1542 1264 1602 authoritate
1292 1539 1467 1602 exacerbare

191 1646 317 1722 partium
340 1644 443 1704 studia.
1344 1640 1467 1719 ffiffilssm

253 1765 449 1807 annuerscue.
488 1745 608 1806 Nostros
631 1744 747 1823 qiridem
770 1744 852 1805 valde
876 1746 1072 1816 exacerbavit,
1102 1748 1178 1806 xistis
1201 1747 1299 1806 invare
1321 1744 1465 1805 adversas.

191 1848 283 1926 Atque
305 1848 366 1907 haec
388 1849 483 1907 omnis
505 1846 604 1926 culpo,
627 1853 850 1926 quantacunque
866 1854 923 1916 est,
946 1849 974 1906 in
990 1851 1060 1908 istos
1076 1848 1151 1909 cadit
1166 1849 1228 1907 eins
1243 1865 1311 1906 con·
1333 1839 1341 1909 Ι
1362 1842 1534 1921 fiilgllll‘uu.

160 1948 332 2018 usultores,
366 1948 500 2010 homiues
527 1967 581 2027 pro
608 1967 640 2009 se
667 1949 808 2028 lucroque
837 1967 890 2008 suo
923 1949 1005 2010 lacile
1039 1950 1186 2029 quidpiam
1220 1949 1386 2010 suadenteis
1417 1946 1464 2007 illi.

191 2050 267 2129 qnod
290 2069 337 2110 me
359 2052 464 2110 snnnni
486 2051 693 2117 adulescentis,
724 2051 829 2129 optima
853 2050 949 2112 indole
970 2053 1095 2129 praediti,
1119 2053 1252 2120 miseret;
1280 2069 1376 2129 neque
1398 2067 1465 2117 nou,

190 2154 214 2211 si
236 2171 367 2230 possem,
397 2155 522 2213 marimo
551 2155 636 2213 etiam
665 2171 730 2213 cum
759 2152 906 2229 periculo,
936 2154 1159 2214 circumsessum
1187 2171 1202 2212 a
1226 2153 1351 2230 pessimo
1374 2151 1467 2210 homi-

191 2273 260 2314 nnm
283 2272 391 2331 genere
415 2256 440 2314 ri
462 2273 496 2315 ac
519 2253 651 2315 violentia
674 2254 844 2315 liberarem:
868 2255 950 2315 rideo
974 2257 1050 2316 enim
1074 2257 1177 2315 misere
1199 2253 1290 2315 inludi
1306 2255 1367 2314 eins
1382 2255 1464 2312 inno

191 2358 291 2415 centice
314 2356 349 2416 ab
373 2357 406 2414 iis
428 2356 535 2434 quibus
558 2354 715 2434 plurimum
738 2357 799 2434 ipse
822 2357 891 2417 ildit.
936 2358 985 2436 qni
1007 2366 1129 2434 putasne
1151 2358 1180 2416 iu
1209 2375 1241 2416 re
1269 2356 1378 2416 nelaria
1406 2361 1533 2418 torrium.

155 2480 180 2518 eu
190 2460 323 2537 nequiter
345 2459 593 2536 supparesitareut
614 2477 692 2518 num
714 2457 845 2517 Roruauo
867 2457 997 2517 l’ontilici
1027 2467 1055 2518 et
1083 2476 1213 2518 emissam
1236 2476 1269 2517 ex
1293 2458 1466 2517 conscientia

189 2561 297 2620 nemini
319 2561 426 2620 homini
451 2560 630 2637 prohabilem
654 2560 860 2629 defenderent,
889 2561 943 2618 nisi
972 2560 1028 2620 hoe
1057 2569 1131 2619 esset
1159 2559 1235 2637 quod
1259 2555 1266 2624 l
1288 2555 1466 2644 l,¹¹,¹l3⁵,fi‡,'3lld⁶'

189 2665 295 2740 passim
318 2662 383 2722 dico
405 2665 565 2730 mussitari,
590 2679 778 2740 permagnam
801 2662 863 2722 auri
887 2663 942 2722 rim
965 2681 979 2721 a
1002 2662 1176 2723 liomeuistis
1197 2662 1226 2721 in
1250 2664 1467 2738 corruptionem

190 2763 352 2823 Germanice
374 2764 571 2841 dispertitam?

253 2887 401 2926 nourron.
439 2864 534 2925 Facile
557 2866 636 2926 credi
660 2865 746 2926 debet
768 2867 908 2945 quosdam
932 2885 985 2945 per
1008 2866 1189 2944 largitionem
1211 2868 1240 2925 in
1256 2865 1400 2926 diversum
1416 2863 1465 2924 ab·

155 2966 308 3035 reductum
332 2974 362 3026 et
382 2968 438 3027 iarn
462 2968 489 3026 in
513 2967 617 3027 fabulis
639 2968 695 3028 hoc
718 2976 769 3029 est.
800 2977 940 3047 preterea
963 2969 1103 3048 quosdam
1126 2971 1191 3029 nori
1214 2968 1286 3029 arche
1308 2964 1535 3043 lsslllhh?⁵‘“§.oi.

191 3068 291 3135 huius,
320 3070 396 3128 llum
420 3069 476 3128 lide
499 3077 527 3128 et
549 3072 679 3146 pecuniae
701 3070 796 3130 studio
819 3071 884 3148 plus
907 3073 994 3132 uixmo
1018 3071 1146 3139 deditos,
1176 3090 1291 3149 semper
1319 3069 1355 3130 acl
1383 3088 1467 3129 sunm

192 3178 334 3248 quantum
359 3169 492 3238 callidos,
517 3189 610 3249 neque
634 3191 762 3251 unquam
785 3172 862 3240 lere,
886 3181 917 3232 ut
939 3173 1015 3233 illins
1038 3173 1205 3233 consulatur
1227 3173 1329 3241 rebus,
1352 3173 1468 3250 ingenio

194 3273 332 3339 utentem,
356 3272 498 3349 quemdam
521 3256 609 3334 etiam*
631 3292 731 3334 eorum
755 3291 818 3351 qum
841 3281 930 3350 agrxnt.
952 3275 1080 3333 onrmum
1104 3273 1287 3352 falsiloquos:
1316 3279 1402 3351 atque
1424 3274 1469 3333 his

191 3374 267 3432 inter
283 3381 326 3432 tut
349 3393 382 3432 ae
406 3381 482 3433 tauta
504 3374 615 3435 scelera
639 3374 770 3434 lrarulenr
793 3376 915 3435 miscere
938 3376 1102 3435 innocentia
1125 3384 1176 3436 est.
1221 3377 1275 3447 Qui
1298 3375 1415 3452 quidem
1439 3383 1469 3435 ut

155 3484 348 3541 eosementem
372 3476 480 3535 iaciunt
502 3495 592 3541 nunc,
615 3477 652 3535 ita
675 3476 829 3554 aliqnando
851 3484 959 3536 metent
981 3476 1117 3537 arbitror.

253 3597 450 3638 rnaxcrscvs
481 3579 560 3649 Ornos
575 3587 606 3638 tn
622 3596 680 3637 uon
696 3584 780 3656 putem
796 3578 831 3637 uh
848 3578 967 3638 extribus
982 3578 1057 3638 hene
1073 3577 1238 3638 instituendi
1253 3578 1309 3638 iarn
1330 3580 1467 3657 principis
1477 3588 1534 3636 §.aa

189 3680 414 3747 abstrahendos,
438 3687 517 3739 etue
534 3679 585 3739 hus
600 3698 653 3739 suo
669 3699 779 3740 ueneno
796 3681 936 3748 inliciant,
966 3679 1029 3757 lege
1045 3700 1078 3739 ac
1099 3680 1261 3756 legionibus
1282 3680 1468 3755 ellngandosl

253 3803 401 3842 nomnen.
438 3781 563 3841 Posthac
591 3781 700 3859 qiutaho
728 3801 859 3860 semper,
890 3801 984 3861 uecpre
1012 3800 1139 3860 unquam
1162 3780 1260 3858 lingua
1287 3774 1407 3856 ibim&
1423 3789 1467 3814 ⁰⁰³¹·

192 3887 261 3954 erit,
285 3902 340 3962 equa
364 3882 415 3942 tibi
438 3883 589 3949 stradeant,
613 3904 628 3943 u
651 3885 771 3944 lutheri
794 3885 912 3943 tuitione
936 3883 979 3943 rel
1002 3882 1143 3944 tantillum
1166 3883 1306 3944 discedas.

156 4014 180 4050 xx
254 4005 452 4047 rnxucrscus.
491 3985 591 4064 b'eqne
614 3985 768 4046 discedam.
813 3989 870 4046 imo
895 3992 926 4044 ut
947 3986 1022 4044 scias
1043 4005 1108 4065 quee
1136 4003 1218 4046 mens
1240 3987 1290 4052 sit,
1319 3987 1410 4063 magis
1432 3998 1536 4048 occu.

190 4090 280 4167 magis
302 4086 337 4146 ad
361 4086 523 4147 conandum
548 4088 608 4146 heec
632 4095 739 4148 oestuo:
769 4096 932 4166 peracuunt
954 4089 1030 4149 enim
1052 4095 1154 4165 pectus
1175 4086 1245 4148 mihi
1267 4088 1273 4158 Ι
1296 4085 1470 4163 &puppimque

189 4192 352 4250 crutidianee
379 4190 500 4248 istorum
535 4189 777 4258 machinationes,
812 4189 916 4268 quibus
947 4190 1080 4250 scelerati
1114 4189 1273 4250 nebulones
1306 4189 1469 4251 convellere

188 4294 280 4351 sarreti
297 4291 348 4350 viri
371 4298 476 4351 statum
499 4310 532 4350 ac
555 4291 703 4370 publicum
727 4292 867 4367 impedire
889 4290 997 4352 bomnn
1014 4300 1170 4360 conamur:
1194 4310 1283 4370 qnare
1300 4291 1369 4352 nihil
1385 4293 1468 4352 omit·

189 4403 247 4454 tam
270 4393 346 4472 qrmd
371 4393 487 4471 quidem
517 4393 552 4452 ad
583 4412 644 4453 rem
675 4395 819 4453 lachuunt
848 4393 1034 4463 existimabo,
1065 4413 1122 4473 quo
1151 4395 1213 4453 lieri
1240 4396 1331 4472 possit
1358 4402 1390 4456 nt
1417 4394 1467 4456 ali·

156 4522 180 4561 u
191 4496 308 4573 quaudo
332 4495 416 4554 bonis
439 4495 597 4572 perniciem
621 4497 670 4575 qui
692 4494 867 4562 moliuntur,
892 4494 966 4555 male
988 4497 1042 4574 ipsi
1064 4504 1193 4574 pereant.

240 4682 262 4713 ³⁰
276 4683 374 4733 Cie.de
389 4681 570 4738 or.ll.be'›‚·to·t.
585 4683 642 4743 „Ut
654 4688 802 4733 sementem
815 4682 924 4745 feceris,
938 4683 978 4733 ita
991 4686 1102 4733 metes''.
1138 4681 1467 4735 necromanticus.
