3382 5370
253 345 301 418 92
515 361 579 410 ΙῙΙΙ.
649 373 785 409 renarras.
822 371 960 408 arnaouva
980 373 1162 408 arrraurcvs.
1182 355 1264 423 (rste.)

315 550 466 593 roarvua.
503 531 539 591 At
561 531 654 609 ipsum
678 529 735 589 boc
756 546 816 589 uon
839 528 929 590 video.

316 653 486 695 uvrrauvs.
524 632 592 693 Sine
615 650 662 691 me
683 631 828 710 inspicere
850 630 900 692 ubi
923 629 967 690 sit.

186 749 244 800 tra.
316 754 466 796 roarvua.
504 733 625 801 Desine,
649 739 735 812 atque
758 732 826 793 binc
848 740 876 792 te
898 751 987 813 ocyus
1008 752 1066 812 quo
1090 750 1168 793 nrrnc
1190 731 1362 792 eliciendum
1386 740 1429 792 est
1452 732 1531 792 mibi.

316 857 485 898 narranvs.
524 835 567 895 llii
589 833 674 903 boni,
697 853 771 914 quos
793 835 945 913 strepitus,
968 834 1081 914 qualern
1105 835 1349 913 expectationem,
1378 851 1449 912 qrras
1471 840 1533 894 tur·

253 938 319 1006 bas,
343 956 428 1016 spatam
453 937 547 998 varios
568 943 721 1016 pectorum
743 941 839 996 inatus
860 935 958 1005 video,
982 943 1013 996 nt
1035 944 1216 996 concurrunt
1231 953 1406 1015 rursumque
1422 935 1554 995 discor-⁵

254 1047 323 1100 rrrnt
345 1040 491 1109 lronrines,
515 1057 641 1120 qnorum
663 1037 743 1097 laetos
765 1037 921 1117 qarosdam,
945 1055 1068 1098 murore
1091 1037 1225 1116 perlnsos
1247 1036 1318 1096 alios
1340 1038 1504 1116 conspicor.

186 1148 244 1199 tit.
316 1162 466 1204 ronanus.
505 1141 579 1213 Ouid
601 1140 777 1218 loquuntur?
800 1159 857 1219 quo
880 1143 1012 1218 pervenit
1033 1141 1141 1201 iactrasi

316 1263 486 1306 uvareurs.
523 1244 555 1303 ln
579 1242 729 1320 Hispanias
751 1242 846 1302 audio.

315 1365 466 1406 reservas.
511 1343 585 1414 intl
609 1344 664 1404 ibi?

316 1465 486 1508 nvrrnsrs.
524 1446 627 1507 Carolo
649 1447 765 1506 austria
793 1446 829 1506 ad
852 1453 893 1506 tot
915 1464 1075 1525 regnorum
1097 1445 1310 1524 possessiouem
1333 1444 1458 1505 dolatum
1482 1445 1568 1505 ad·¹⁰

253 1549 312 1610 lnro
326 1550 490 1610 liorrranum
513 1549 593 1608 aiunt
614 1548 778 1627 imperium.

317 1670 467 1714 roarvaa.
506 1648 576 1719 Quis
598 1649 654 1709 boc
676 1648 754 1710 dolet
775 1652 889 1711 antemi

318 1771 487 1813 averanus.
525 1750 646 1821 Quidam
676 1754 753 1812 insta
782 1770 881 1830 rages
911 1770 1037 1829 quorum
1065 1753 1163 1812 tristes
1192 1752 1274 1812 rideo
1301 1759 1448 1820 oratores,
1483 1751 1532 1811 sed

256 1855 385 1913 onmium
406 1855 529 1914 maxime
551 1853 700 1913 lloinanns
721 1853 866 1933 pontifex,
890 1855 972 1914 cuius
994 1853 1105 1931 legatus
1128 1871 1230 1932 parurn
1253 1853 1335 1913 abest
1358 1861 1389 1913 nt
1412 1871 1532 1932 suspen·

257 1956 305 2015 alat
326 1973 365 2015 se.
1544 1961 1567 2000 rs

187 2065 245 2116 §.rt
318 2076 469 2119 ronrvun.
505 2057 684 2119 l'errontare
705 2058 825 2138 insuper
846 2076 917 2118 num
939 2058 1007 2137 qnid
1030 2057 1096 2117 mali
1119 2058 1204 2117 oliam
1227 2056 1372 2117 ceciderit.

317 2179 487 2220 aurursus.
526 2159 667 2221 Cerialisse
690 2160 788 2220 ierunt
809 2161 838 2219 in
860 2160 1001 2227 Africam,
1024 2165 1110 2237 atque
1125 2157 1163 2218 ibi
1180 2157 1304 2236 qrratlam
1319 2158 1437 2217 allectos
1453 2153 1533 2219 clade
1596 2185 1604 2199 ·

255 2259 395 2320 barbaros
423 2262 542 2336 insigni,
571 2262 676 2329 atroci,
705 2262 785 2320 aiunt
812 2262 939 2323 eiusdem
970 2260 1064 2322 Caroli
1092 2261 1234 2340 auspiciis
1280 2261 1304 2321 Ο
1333 2260 1440 2338 npnima
1469 2261 1533 2318 nori

254 2363 438 2440 imperatoris
461 2363 553 2430 inilia,
582 2381 599 2420 o
622 2381 704 2441 spem
727 2363 791 2422 orbi
815 2361 972 2423 christiano
995 2363 1142 2423 eximiam!
1172 2345 1239 2423 Non
1259 2364 1314 2422 iam
1336 2361 1441 2440 aliquid
1465 2361 1532 2421 launi

254 2463 336 2524 alahis
357 2466 441 2524 etiarn
465 2463 552 2523 milri?

318 2585 468 2626 roarvsn.
507 2564 627 2625 Carolus
649 2565 737 2627 dabit.

1541 2457 1568 2497 20

314 2687 486 2728 rrvrranvs.
523 2665 632 2727 iterum
662 2686 760 2746 spern,
791 2669 895 2728 iterum
928 2667 1041 2728 lavares
1068 2669 1232 2747 principum
1256 2667 1357 2727 olriiris
1379 2667 1467 2727 milri:
1497 2667 1532 2727 ala

256 2766 363 2846 aliquid
386 2776 432 2836 [υς
455 2768 549 2847 siquid
571 2767 619 2828 ille
641 2777 707 2848 post
728 2769 856 2837 dederit,
879 2770 974 2848 ipsnrn
997 2768 1140 2829 corollarii
1164 2776 1225 2829 esto
1248 2771 1317 2830 rice.

187 2879 246 2938 tit.
317 2892 467 2932 ronrvua.
505 2870 580 2943 Ouid
602 2871 729 2950 primum
751 2873 793 2932 vis
814 2871 962 2932 omniomi

256 3043 456 3052 ----.---

323 3158 342 3191 ¹¹
361 3158 474 3209 Carolus
492 3159 524 3209 V.
545 3159 649 3210 electus
673 3165 716 3210 est
739 3165 854 3211 exeunte
873 3161 951 3211 lunio
970 3177 995 3214 a,
1011 3159 1082 3211 latu.
1152 3158 1173 3192 ¹³
1192 3157 1281 3226 reges]
1306 3159 1430 3210 Gallicus
1449 3161 1533 3210 Fran·

255 3245 345 3294 ciscus
364 3244 385 3293 l.
406 3253 433 3293 et
451 3243 582 3309 Anglicns
595 3245 732 3294 Henricus
751 3245 825 3294 Vlll.
850 3247 952 3295 Leonis
965 3246 997 3295 X.
1018 3245 1121 3294 frustra
1139 3251 1235 3295 contra
1254 3245 1381 3295 Carnium
1399 3245 1487 3295 moliti
1506 3245 1534 3294 iu

255 3330 429 3379 Germaniam
448 3328 558 3394 legatus
577 3330 646 3379 idom
667 3329 713 3379 ille
731 3329 850 3382 Thomas
869 3330 1028 3391 caietanus,
1049 3329 1198 3379 cardinalis
1216 3329 1242 3379 S.
1256 3329 1324 3379 Sixti
1344 3330 1405 3392 tuit,
1425 3331 1471 3401 qtri
1489 3346 1533 3378 eo·

255 3415 315 3464 alem
335 3429 444 3464 munere
464 3414 518 3463 ianr
537 3413 609 3478 apud
626 3414 842 3464 Maximiliaaum
860 3415 924 3480 imp.
939 3415 1049 3463 iunctus
1068 3414 1166 3464 iuerat.
1236 3415 1287 3448 ¹⁷⁴⁸
1306 3414 1382 3464 clade
1401 3414 1534 3464 barbaros

255 3498 296 3565 aa]
316 3502 370 3550 iles
389 3500 429 3550 ita
452 3502 579 3548 narratur
601 3498 629 3547 ia
653 3497 774 3562 ilirabartl
800 3496 952 3565 §sattellini
976 3499 1028 3548 uiri
1052 3500 1229 3550 eruditissimi
1252 3500 1285 3550 de
1311 3504 1445 3549 conuentu
1461 3495 1466 3565 l
1480 3499 1533 3547 Au-

255 3582 351 3651 gusteri
375 3586 510 3635 concinna
534 3580 727 3649 descriptiolne
746 3599 776 3636 at.
793 3579 798 3649 Ι
813 3598 955 3636 wmarus,
971 3583 975 3643 Ι
991 3584 1026 3633 4”.
1052 3601 1078 3650 p.
1093 3584 1162 3648 niij:
1187 3585 1294 3645 „Fama
1322 3584 1416 3634 attulit
1434 3585 1532 3649 Hispa-

254 3688 347 3722 norum
367 3672 475 3736 copias,
494 3684 554 3734 quse
573 3669 599 3717 in
618 3668 764 3734 Apbricam
783 3672 880 3718 contra
897 3668 1088 3718 Aenobarbum
1106 3670 1288 3731 traiecerant,
1307 3669 1414 3719 levibus
1432 3669 1535 3734 praeliis

255 3772 314 3806 cnm
334 3773 366 3806 eo
385 3756 534 3805 commissis
552 3755 593 3803 ita
611 3752 743 3819 paulatim
763 3751 837 3803 iilius
855 3754 928 3803 vires
947 3753 1077 3818 fregisse,
1102 3759 1132 3803 ut
1150 3755 1238 3818 ipsum
1257 3770 1316 3803 cum
1335 3754 1420 3803 fratre
1441 3769 1473 3803 ac
1492 3770 1533 3803 re-

254 3841 346 3906 liquiis
365 3841 503 3907 copiarum
522 3845 602 3904 terga
619 3842 727 3888 vertero
746 3838 893 3902 coegerint.
930 3838 957 3887 is
976 3854 1036 3887 cnm
1055 3839 1126 3888 intra
1139 3840 1239 3889 moenia
1251 3839 1486 3888 'fremereniorum
1504 3854 1533 3887 se

254 3928 419 3992 recepisset,
439 3925 486 3975 diu
499 3929 527 3974 et
539 3923 641 3973 aeriter
659 3937 676 3971 s
695 3921 794 3971 uostris
812 3921 945 3971 militibus
963 3922 1090 3972 obsessus
1109 3929 1159 3976 est.
1196 3925 1241 3988 qui
1260 3939 1320 3972 curu
1337 3922 1444 3987 longius
1462 3922 1533 3972 obsi·

254 4011 362 4061 ‹lionem
381 4012 453 4061 ferre
472 4025 525 4058 non
544 4013 651 4073 posset,
677 4007 736 4072 ipse
756 4021 809 4056 una
828 4023 889 4057 euna
907 4007 993 4056 fratre
1013 4022 1046 4057 ac
1065 4007 1161 4057 robore
1180 4007 1296 4056 militum
1315 4023 1381 4071 quos
1400 4008 1472 4056 iutra
1491 4023 1532 4056 ar-

256 4113 314 4146 cem
334 4099 490 4159 receperat,
515 4109 565 4158 pcr
587 4093 721 4156 posticam
745 4098 851 4157 portam
874 4091 946 4142 clam
969 4108 1095 4159 egressus
1118 4091 1233 4143 salutem
1258 4092 1311 4141 sibi
1334 4093 1401 4156 faga
1425 4108 1533 4156 compa-

255 4196 330 4230 rasse
355 4180 505 4229 arbitratns
524 4183 574 4226 est.
610 4177 727 4242 Hispani
752 4192 816 4226 vero
840 4178 975 4243 evestigio
994 4193 1085 4227 arcem
1104 4177 1229 4242 aggressi
1248 4177 1275 4226 ri
1294 4181 1437 4242 ceperunt,
1463 4192 1533 4226 com·

255 4263 413 4328 modumque
432 4263 465 4311 de
485 4262 544 4310 eius
562 4261 628 4326 suga
647 4262 778 4312 certiores
796 4262 866 4311 facti
884 4277 945 4312 eum
963 4261 1055 4312 vaiirlo
1074 4263 1200 4327 equitatu
1217 4262 1355 4328 prosecuti
1368 4267 1438 4310 sunt.
1474 4260 1533 4311 Cre-

254 4354 341 4398 terum
359 4347 537 4397 Aenobarbus
556 4347 584 4396 ia
602 4347 722 4396 transita
739 4347 857 4395 fluminis
875 4348 1130 4412 supervenientibus
1155 4360 1215 4397 cum
1238 4346 1311 4396 haud
1335 4350 1393 4395 tato
1413 4346 1534 4410 effugere

253 4438 360 4497 posset,
380 4446 487 4480 uranum
506 4431 656 4481 conseruit:
675 4436 826 4496 pugnatura
844 4438 886 4482 est
903 4433 1030 4497 utrinquc
1049 4433 1164 4494 acriter;
1183 4432 1293 4481 tandem
1313 4445 1373 4481 cum
1391 4431 1477 4481 nostri
1490 4445 1532 4480 su·

254 4515 375 4582 periores
393 4516 495 4566 virtute
514 4517 630 4567 militum
649 4518 814 4579 evasissent,
835 4517 1026 4567 Aenobarbum
1044 4533 1105 4567 cam
1123 4518 1208 4566 fratre
1227 4532 1260 4565 ac
1279 4520 1337 4566 loto
1356 4516 1480 4578 equitatu
1493 4516 1534 4563 ia-

255 4600 424 4650 terlecerunt
443 4601 580 4666 affixaque
600 4617 691 4652 eorum
710 4603 804 4667 capita
821 4603 980 4652 lancearum
999 4601 1171 4652 mucronibus
1190 4615 1249 4650 curn
1264 4601 1380 4650 victoria
1393 4599 1427 4649 nd
1440 4600 1534 4648 urbem

254 4686 439 4751 deportarunt.
475 4687 544 4737 Haec
562 4687 590 4736 iu
608 4685 752 4751 Aphrica.”
