3382 5370
231 344 302 415 342
400 358 491 407 VlllI.
561 372 815 407 uorrroorruuva.
885 372 1227 409 ornuoorsnvrrumcrs.
1252 355 1335 420 (itud.)

161 537 346 591 §.w-merum
369 529 485 589 iuturus
508 526 653 588 eradatur.
699 527 836 588 Libenter
863 525 952 589 multa
976 526 1081 587 leonis
1103 535 1264 605 pretereo,
1293 548 1326 589 ac
1348 527 1425 588 illius
1447 530 1512 588 vitae

230 639 370 711 qirautum
393 630 460 691 lieet
480 648 586 708 paroo;
616 629 749 690 hondues
777 649 846 690 reru
876 630 968 690 miror
996 629 1045 708 qui
1074 629 1173 690 salutis
1199 630 1365 708 praesidinm
1388 632 1415 691 in
1441 649 1511 691 cou-

227 730 354 815 }Jffflffiffi,
376 731 384 801 Ι
406 732 627 801 donationibus,
649 750 715 811 (puae
737 732 882 793 botrorum
906 749 1029 810 operum
1053 733 1243 792 cessationem
1266 734 1421 801 inducunt,
1450 733 1510 793 eol-

228 836 339 904 loeaot,
367 854 434 895 eunt
461 835 553 894 sciant
582 833 669 895 tidem
697 835 758 895 sine
788 833 926 913 operibus
956 841 1102 893 mortuam
1125 852 1203 894 esse:
1237 852 1304 896 uam
1327 838 1351 896 si
1372 837 1509 895 reniasa

230 939 368 998 l’ontilieo
391 938 547 1006 enrercari,
584 936 611 996 id
635 955 703 997 rero
727 937 853 1006 animas,
888 936 1133 1015 quemadmodum
1157 937 1206 1015 qui
1230 937 1422 997 nundinatum
1451 937 1533 998 noea

229 1039 381 1100 mittuntur
402 1038 577 1117 prredieaut,
608 1037 746 1107 salvaret,
775 1038 845 1099 nihil
867 1056 1005 1116 magnum
1029 1046 1107 1098 esset
1127 1056 1226 1099 amare
1248 1038 1336 1099 deum
1359 1046 1387 1099 et
1409 1040 1510 1117 proxi·

227 1165 276 1200 roe·
293 1173 356 1210 em.
379 1158 386 1227 Ι
409 1160 504 1209 mum,
527 1139 598 1200 nulli
620 1159 743 1209 noeere,
766 1139 864 1201 multis
879 1140 1033 1218 prodesse,
1057 1158 1116 1200 uou
1132 1141 1240 1201 inierre
1256 1142 1399 1208 iniuriam,
1424 1142 1510 1201 etiam

228 1242 400 1311 defendere,
424 1261 510 1320 opern
534 1242 613 1303 serre
636 1243 762 1311 alilietis,
786 1261 961 1303 succurrere
984 1242 1151 1321 oppressis,
1181 1244 1280 1303 iurare
1308 1245 1426 1321 inopes,
1457 1245 1510 1303 im·

227 1345 336 1424 pertire
359 1343 465 1422 aliquid
493 1343 688 1423 pauperihus,
720 1345 850 1422 aldigere
880 1363 988 1423 eorpus
1016 1344 1117 1405 lalmre
1146 1352 1174 1405 et
1208 1345 1324 1423 sigiliis,
1358 1364 1510 1405 macerare

227 1447 348 1515 ieiunio,
372 1453 511 1522 torquere
534 1444 720 1515 abstinentia,
744 1447 868 1525 deniqne
891 1447 1030 1507 viverolo
1046 1454 1138 1506 tutum
1155 1446 1413 1515 abstinentissime;
1436 1447 1544 1508 nihilm

227 1566 365 1626 magnum
389 1554 478 1616 esset,
502 1548 737 1626 quarrdoquidem
760 1548 862 1609 liceret
882 1551 911 1608 iu
935 1551 994 1609 otio
1017 1557 1046 1609 et
1068 1548 1192 1616 rlesidia,
1220 1557 1342 1626 torpore
1363 1557 1392 1609 et
1413 1550 1509 1628 segui-

226 1647 349 1732 dl'll‘t‘s
373 1661 380 1731 Ι
403 1650 455 1718 tie,
479 1651 507 1709 in
530 1647 649 1727 crapula
672 1657 701 1710 et
723 1650 877 1719 eluietate,
901 1649 969 1710 luxu
993 1658 1021 1710 et
1044 1650 1163 1718 delitiis,
1187 1652 1215 1711 iu
1238 1652 1280 1711 ira
1303 1659 1332 1711 et
1354 1650 1436 1720 odio,
1460 1670 1509 1711 su·

228 1750 328 1830 perbia
351 1758 381 1812 et
402 1750 492 1819 fastu,
527 1752 611 1812 lurtis
635 1760 661 1812 ot
685 1753 800 1830 rapina,
835 1752 917 1812 iuriis
945 1760 974 1812 et
1002 1753 1096 1822 erede,
1131 1753 1273 1823 breviter,
1307 1755 1428 1813 iueursu
1459 1752 1509 1813 illo

228 1852 372 1913 uialorum
399 1871 521 1932 opernm
550 1852 667 1913 beatum
697 1855 776 1923 lieri,
805 1861 917 1915 tantum
951 1855 1056 1932 emptis
1084 1856 1207 1932 pecunia
1234 1854 1507 1915 eorrdooationibus.

160 1966 256 2016 §.atet
277 1962 346 2014 tunc
369 1954 527 2015 Fueclreris
550 1957 644 2033 perimo
667 1955 731 2016 loeo
754 1955 882 2035 proclive
905 1964 980 2016 esset
1007 1957 1091 2018 salvis
1114 1958 1190 2025 lieri;
1219 1976 1286 2016 uam
1313 1956 1429 2017 almodo
1457 1957 1541 2016 hara

228 2078 326 2121 eriperes.
356 2066 363 2135 Ι
386 2056 490 2117 liereut
512 2059 550 2127 ii,
573 2077 631 2137 (ruo
654 2060 760 2118 iterum
783 2064 871 2138 atque
892 2060 998 2120 iterum
1021 2065 1166 2120 emerent:
1196 2077 1253 2136 quo
1281 2067 1366 2137 paeto
1389 2077 1443 2137 per
1465 2060 1508 2119 in·

227 2160 330 2227 nevam!
358 2160 461 2220 iuriam
484 2162 693 2239 praeriperetur
714 2160 894 2239 pauperibus
916 2161 1092 2239 promissum
1121 2160 1274 2221 aClrristo
1302 2180 1426 2237 reguum
1451 2180 1508 2221 ere·

227 2258 337 2329 lorum,
361 2267 390 2320 et
412 2261 447 2321 ad
470 2262 572 2323 divites
594 2282 627 2322 ae
649 2262 864 2340 voluptuarios,
894 2263 979 2322 toties
1001 2262 1037 2322 ab
1060 2261 1108 2322 illo
1131 2263 1299 2330 idoniorem,
1334 2264 1422 2322 inrito
1445 2265 1508 2342 ipso

226 2362 446 2423 transferretur.
483 2372 570 2443 atque
592 2364 645 2425 has
667 2370 725 2425 tam
748 2365 881 2425 sordidas
896 2368 1136 2443 cauponatioues,
1159 2373 1218 2425 tarn
1234 2364 1434 2426 fraudulentas
1455 2367 1507 2425 iro·

226 2471 360 2540 [tosturas
380 2465 416 2525 ad
439 2467 603 2526 animorum
624 2466 747 2528 salutem
770 2469 905 2528 conterre
927 2466 1035 2546 aliquid
1058 2468 1221 2528 existimas?
1244 2469 1312 2546 quio
1335 2468 1432 2544 potius
1453 2467 1539 2527 iri-eo

224 2564 318 2625 roiam
341 2566 416 2626 lraue
439 2565 475 2627 ab
497 2570 594 2628 animo
617 2571 784 2648 opinionem
807 2575 925 2638 excute,
960 2575 1048 2648 teque
1076 2569 1296 2630 reformandum
1324 2569 1443 2648 praebe,
1477 2579 1509 2630 ut

225 2665 369 2744 intelligas
392 2669 507 2731 inanem
530 2671 628 2732 lucum
652 2690 715 2732 esse
739 2671 815 2740 uaee,
846 2671 958 2732 veritati
986 2691 1044 2751 quo
1066 2673 1163 2732 minus
1185 2679 1360 2749 agnoscatur
1383 2679 1506 2748 praeten-

226 2788 284 2824 ¹u¹¹·-
313 2770 320 2836 Ι
342 2788 416 2831 sum.
454 2772 482 2832 id
506 2773 585 2850 quod
608 2772 652 2834 vel
667 2792 757 2833 urrrnu
773 2773 860 2834 bullae
876 2772 1050 2834 vocabulum
1066 2773 1225 2833 admonere
1241 2780 1269 2832 te
1286 2773 1399 2832 debuit:
1423 2777 1506 2834 ouius

226 2873 360 2940 materia,
384 2891 450 2933 cum
473 2875 510 2933 sit
531 2876 624 2935 inanis
646 2874 763 2953 quidam
786 2875 887 2943 llatus,
911 2877 1006 2954 primo
1029 2874 1159 2954 quolibet
1180 2874 1323 2935 levissimo
1345 2876 1430 2934 etiam
1454 2876 1505 2935 ini·

225 2973 311 3051 pulsu
334 2974 542 3053 disperituros,
567 2977 634 3054 quid
657 2978 686 3036 in
702 2976 790 3037 bullis
804 2977 943 3037 llomanis
958 2976 1048 3037 lidere
1064 2975 1161 3045 liceat,
1187 2976 1422 3055 cognoscendum
1446 2976 1502 3037 dat.
1514 3000 1538 3038 rs

157 3113 216 3162 ori,
226 3072 313 3150 dil'llil.
335 3075 343 3145 l
406 3098 554 3139 uour'ron.
592 3079 709 3157 Optimo
732 3079 794 3139 iure
817 3084 1034 3157 persequuntur
1057 3085 1084 3137 te
1107 3080 1299 3139 intensissime
1321 3077 1418 3138 undti:
1447 3080 1505 3156 pri·

225 3195 304 3237 urum
327 3177 477 3239 Romanus
498 3180 645 3249 Pontifex,
675 3182 721 3241 eui
750 3180 827 3259 quod
855 3183 883 3241 in
912 3181 974 3240 eius
996 3186 1136 3256 potestate
1158 3197 1304 3240 snummm
1328 3188 1372 3240 est
1393 3180 1506 3249 adimis,

224 3279 328 3341 deinde
351 3279 517 3342 Cardiuales
540 3290 567 3343 et
595 3283 810 3361 prothonotarii
837 3299 953 3350 ornnes,
988 3288 1140 3361 totumque
1167 3280 1237 3342 illud
1265 3282 1404 3343 llomauae
1433 3282 1506 3343 aulae

224 3380 394 3452 concilium,
418 3384 495 3463 quod
518 3384 554 3444 alr
578 3384 765 3462 indulgentiis
787 3390 816 3445 et
837 3385 871 3444 iis
894 3403 959 3463 quae
981 3391 1011 3444 tu
1036 3385 1144 3463 pariter
1168 3383 1262 3460 colligi
1278 3383 1400 3445 llouram
1417 3394 1505 3453 retes,

223 3483 324 3552 alitur;
354 3492 455 3563 postea
477 3487 581 3564 inopes
603 3487 707 3547 serite
730 3493 758 3548 ot
787 3488 893 3548 notarii
920 3505 954 3546 ae
976 3487 1073 3546 miseri
1097 3486 1238 3563 oopiistae,
1270 3486 1318 3564 qui
1342 3487 1394 3546 nisi
1416 3486 1538 3549 hullaea.

224 3585 399 3648 fabricandae
421 3589 542 3658 dentur,
566 3591 733 3650 necessario
755 3589 872 3649 tandem
896 3591 1033 3648 esurient,

155 3703 212 3752 §.²5.
285 3710 455 3752 urruunvs.
493 3690 555 3761 Oria
579 3710 641 3752 mea
665 3690 767 3769 eulpa?
801 3708 836 3751 an
866 3709 985 3769 possum
1013 3690 1082 3750 dare
1114 3690 1170 3750 lroe
1193 3707 1247 3766 ego
1270 3689 1397 3768 pontiliei
1426 3692 1505 3770 quod

224 3791 356 3852 Christus
376 3811 435 3852 non
459 3793 555 3861 dedit,
585 3795 644 3853 imo
673 3792 751 3871 quod
781 3791 869 3853 multa
892 3810 1077 3873 praemonens
1099 3811 1135 3852 ne
1159 3810 1286 3870 troquam
1309 3794 1338 3852 iu
1361 3802 1504 3870 quaestum

224 3901 353 3953 vertatur
376 3895 482 3972 pletas,
515 3894 622 3955 ademit
644 3896 749 3955 etiam?
777 3896 848 3967 Quae
871 3897 980 3955 iactura
1010 3902 1105 3954 autem
1129 3894 1298 3953 (iluistiamu
1326 3894 1503 3972 reipublice,

220 4017 372 4054 cerinum..
395 3999 402 4069 Ι
426 3998 483 4056 inm
506 3996 582 4076 quod
606 4015 663 4055 uon
687 3995 820 4056 solatium
844 4006 873 4056 et
892 3997 1092 4063 commodum,
1116 3996 1139 4054 si
1163 4001 1220 4054 tota
1244 3996 1296 4055 ista
1317 3997 1405 4056 euriae
1427 3994 1538 4057 illiusr.

220 4095 357 4156 colluvies
384 4116 442 4156 rron
465 4100 573 4158 esuriat
595 4105 721 4167 tantum,
750 4099 801 4158 sed
825 4100 900 4159 ianoe
923 4101 1007 4159 etiam
1032 4099 1171 4158 intereat?
1194 4096 1256 4155 lion
1278 4097 1345 4156 lieet
1366 4097 1436 4157 milri
1451 4098 1503 4158 do·

220 4216 287 4258 cere
310 4197 385 4258 aliud
409 4217 496 4278 uriam
519 4218 533 4257 a
557 4200 695 4277 magistro
718 4219 784 4261 nreo
807 4200 921 4261 Christo
944 4200 1044 4267 didici,
1079 4207 1128 4259 aut
1157 4197 1285 4259 eeclesiae
1315 4197 1390 4258 illius
1413 4217 1501 4278 quarn

221 4300 360 4377 prodesse
382 4301 458 4379 ‹pmd
482 4301 552 4360 seio.

151 4411 209 4461 tat.
282 4423 430 4464 uomron.
467 4402 531 4462 Tuo
553 4403 583 4463 id
597 4403 743 4480 perieulo;
767 4405 817 4464 sed
833 4402 927 4464 bullas
943 4406 993 4482 qni
1007 4412 1065 4464 tam
1082 4404 1277 4463 irreverenter
1292 4403 1408 4480 accipis,
1432 4404 1500 4482 quid

285 4606 586 4673 ⁴up.1aeobi11.17.
657 4607 677 4639 Π
699 4604 1077 4658 ntatth.v.3.12ue.v1.·20.
1147 4605 1168 4637 ²³
1193 4605 1498 4666 crotonenses.

215 4698 238 4755 §-
251 4691 304 4759 att]
324 4693 401 4754 Quod
413 4691 550 4742 liutherus
568 4693 593 4742 d.
616 4691 652 4741 10.
672 4691 964 4754 poenitentem,
984 4692 1030 4742 hie
1048 4708 1077 4741 se
1098 4691 1234 4741 foetorum
1253 4691 1330 4741 dicit.
