3382 5370
463 362 689 433 [erronearum]
725 381 822 417 aceras
842 379 1011 417 nrooatrvo.
1048 364 1133 430 (1⁵2⁰.)
1365 350 1438 421 537

224 542 383 598 Auditor.
419 541 473 597 h'eo
494 540 676 601 huthoranns.
706 557 793 615 oeque
816 540 958 602 decianus,
989 540 1034 597 sed
1057 540 1225 596 Christianus
1247 557 1322 598 sum:
1352 540 1440 597 minus

162 643 224 683 vero
247 625 355 683 silentio
378 626 442 699 qnid
463 625 574 699 dignum
594 626 721 699 detegere
743 642 841 688 conor,
874 643 935 682 narn
956 625 1068 688 veritas,
1102 624 1153 681 etsi
1182 625 1214 681 ad
1242 633 1348 700 tempus
1376 643 1440 700 sup·

162 711 255 784 primi,
279 712 395 787 opprimi
420 720 507 768 tamen
530 711 637 784 nequit,
660 709 707 765 sed
729 727 778 784 per
801 708 936 785 seipsam
961 710 1066 767 tandem
1088 709 1225 766 elucescit.
1464 786 1467 792 Ι

224 795 354 854 Eccius.
391 794 611 871 sterquilinium.
640 803 683 857 tu.
705 812 765 851 cum
788 792 875 851 literis
898 812 1004 857 careas.
1032 803 1059 851 tc
1087 804 1162 851 tauto
1185 794 1325 870 Theologo
1354 812 1440 871 oppo-

138 898 224 936 suere
247 881 345 937 audes?

222 967 377 1023 Auditor.
414 965 470 1023 Etsi
493 966 630 1027 doctrina,
654 972 819 1021 nontamen
842 964 892 1020 hdo
914 982 1006 1027 careo,
1029 981 1171 1040 saepeque,
1194 973 1223 1021 ut
1246 965 1273 1021 in
1294 964 1438 1040 proverbio

160 1058 214 1113 est,
239 1052 277 1107 vir
300 1051 460 1108 hortulanus
480 1067 588 1124 quoquc
610 1049 685 1106 valdo
708 1058 843 1125 oportuna
865 1048 972 1106 locutus
994 1057 1044 1106 est.

222 1136 424 1211 Chirurgus.
457 1122 545 1190 'Atti
566 1126 721 1191 παύσασθε
744 1126 839 1208 μάχης
858 1128 908 1188 και
931 1128 1090 1210 λοιδορίας,
1113 1144 1159 1191 aut
1180 1134 1232 1191 iam
1253 1135 1335 1197 abeo,
1358 1136 1505 1193 haudmar.

159 1221 228 1277 onim
252 1231 281 1277 ut
304 1241 388 1297 nugas
410 1230 513 1277 rostras
535 1221 669 1283 audirem,
692 1220 739 1276 sed
762 1229 791 1276 ιιι
814 1219 936 1277 morbum
958 1236 1094 1282 curarem.
1117 1228 1226 1277 vocatus
1249 1238 1316 1276 sum.

128 1321 152 1362 to
224 1306 352 1363 Eccius.
390 1306 452 1363 l'ale
475 1307 571 1380 igitur,
595 1313 672 1380 pater
693 1313 793 1361 sancto.

222 1392 383 1449 Auditor.
419 1391 544 1465 Nunqu'd
567 1389 766 1447 ahsolutionem
788 1389 904 1463 accipis?

224 1476 300 1534 Ecci
311 1495 355 1532 us.
393 1477 434 1533 b'il
451 1494 519 1551 opus
535 1485 590 1538 est.
615 1493 674 1531 narn
691 1493 774 1550 purus
790 1482 891 1531 sumet
907 1472 993 1531 lihcro
1009 1483 1072 1532 u'tor
1087 1474 1215 1538 arbitrio.
1240 1476 1275 1531 ita
1292 1485 1321 1530 ut
1337 1476 1363 1532 in
1379 1494 1437 1533 mea

160 1561 196 1615 sit
211 1571 362 1636 potestate,
387 1562 454 1618 hene
470 1569 497 1617 et
512 1560 581 1617 male
597 1578 693 1634 agere,
716 1578 746 1618 ac
761 1578 821 1618 cum
837 1558 962 1622 voluero.
986 1578 1028 1616 me
1049 1560 1135 1634 ipsum
1157 1559 1296 1617 absolvere
1318 1579 1436 1635 possum.

224 1648 379 1703 Auditor.
417 1647 503 1721 lgitur
525 1654 552 1701 et
575 1655 604 1701 tu
627 1663 750 1720 quoque,
774 1654 804 1702 ut
825 1645 924 1718 dignus
947 1662 994 1708 es,
1018 1643 1083 1701 cale.

127 1747 151 1785 ra
224 1732 420 1806 Chirurgus.
457 1731 576 1787 Ehodum
599 1731 705 1794 adeste,
728 1728 942 1793 Amicillcciani,
966 1738 996 1786 ut
1017 1730 1122 1787 taudem
1139 1729 1228 1788 allicio
1244 1749 1304 1789 nico
1320 1731 1424 1806 iungar.
1437 1742 1505 1792 §.th-'t

223 1817 339 1873 Amici.
377 1816 409 1872 Et
431 1815 530 1891 quibus
553 1833 621 1890 opus
644 1823 686 1872 est
707 1816 923 1872 medicamentis?

222 1902 427 1974 Chirurgus.
466 1900 624 1957 llomiuibus
646 1910 765 1975 septem,
789 1899 895 1962 validis,
919 1900 1048 1956 robustis.

223 1987 339 2043 Amici.
377 1987 410 2043 ιιι
434 1986 525 2047 ιΙιιιιιι,
548 1986 610 2041 dum
633 1995 754 2047 secatur,
779 1986 905 2042 teneant?

222 2072 424 2145 Chirurgus.
463 2071 559 2127 Sciatis
582 2078 690 2144 postea;
713 2077 769 2126 tum
792 2071 878 2126 lustes
900 2070 1047 2127 adorantur
1067 2078 1185 2146 septem,
1208 2072 1330 2129 frondosi
1346 2090 1438 2130 omnes

124 2166 187 2213 anot
209 2157 296 2213 solidi.

225 2242 338 2299 Amici.
371 2224 446 2317 'Ego'
469 2232 497 2308 ἐς
524 2229 661 2308 κόρακας.

223 2327 423 2400 Chirurgus.
460 2325 498 2381 lta
521 2343 629 2381 necesse
652 2333 707 2388 cst.
736 2342 796 2381 narn
819 2342 945 2382 numerus
969 2324 1014 2382 ille
1037 2327 1177 2400 unsticnm
1202 2327 1265 2401 quid
1287 2329 1417 2385 continet.

224 2412 354 2468 Eccins.
392 2411 485 2467 b'unnc
508 2411 592 2485 igitur
613 2410 808 2484 Pythagoricus
831 2410 876 2466 ille
899 2411 1087 2484 quaternarius
1110 2411 1224 2468 molior?

224 2497 425 2571 Chirurgus.
462 2495 636 2570 Septenarins
659 2495 706 2551 tihi
729 2495 939 2553 corirenientior.

126 2604 151 2642 os
225 2582 342 2639 Amici.
381 2581 432 2643 lln.
455 2590 485 2637 ut
508 2580 624 2643 iussisti.
647 2581 745 2637 adsunt
767 2581 901 2637 histuarii.

223 2668 430 2740 Chirurgus.
467 2667 542 2722 llnuc
566 2665 663 2739 igitur.
686 2667 807 2728 iuvenes.
831 2666 895 2722 mihi
918 2666 1036 2722 histibus
1056 2666 1194 2729 dedolata.
1218 2685 1277 2724 uam
1297 2686 1357 2726 curn
1374 2687 1422 2725 un·
1437 2687 1504 2736 aruo.

159 2756 240 2830 dique
261 2752 409 2826 angulosus
432 2752 467 2808 sit
489 2760 516 2807 et
540 2750 697 2824 inequalis,
720 2759 782 2807 ante
805 2751 892 2807 ouuua
914 2751 1124 2826 complanandos
1146 2753 1206 2808 erit.

224 2837 354 2894 Eccius.
389 2836 460 2898 Heu.
484 2837 549 2898 lieu.
573 2835 651 2910 plane
667 2837 749 2911 perii!
773 2837 873 2892 utinam
890 2835 984 2893 saltem
1001 2823 1158 2911 ὁμώνυμος
1172 2837 1217 2894 ille
1234 2856 1308 2894 tracus
1323 2839 1438 2902 adesset,

161 2933 190 2980 ιιι
213 2924 304 2980 euclem
328 2921 427 2996 poculo
451 2938 505 2996 quo
527 2939 579 2995 ego
602 2921 665 2978 bibo
689 2922 800 2978 hiheret.

126 3028 152 3065 ao
225 3007 341 3064 Amici.
380 3006 536 3063 scabiosum
559 3005 634 3063 illum
656 3006 738 3070 dicis.
762 3006 903 3063 nobilitato
926 3007 987 3064 heta
1010 3006 1209 3082 superbientem
1231 3008 1300 3065 baud
1316 3028 1394 3066 sociis
1408 3028 1439 3067 ac

162 3103 189 3150 ιιι
212 3091 374 3149 Cannniratn
398 3090 445 3148 illo
468 3092 641 3165 imaginario,
664 3078 715 3148 τὸν
736 3081 854 3163 φθόνον
873 3078 981 3148 αὐτόν’.)

223 3178 353 3234 Ecoius.
387 3161 568 3232 Ἀυτότατον
606 3177 657 3232 Sed
680 3176 863 3250 nunquidnam
885 3179 951 3233 satis
972 3177 1113 3234 dedolatus
1135 3180 1211 3234 stim?
1437 3201 1505 3250 qiua,

224 3262 424 3334 Chirurgus.
462 3262 551 3335 Aliqui
575 3261 660 3318 adhuc
683 3259 861 3336 protuberant
884 3262 989 3336 anguli,
1013 3280 1081 3336 quos
1104 3262 1267 3336 complanari
1290 3283 1371 3338 posse
1394 3284 1438 3321 su·

160 3349 265 3422 spicer.
289 3347 310 3401 si
335 3345 421 3402 solum
444 3347 530 3403 adhuc
552 3345 645 3420 viginti
669 3346 788 3419 quinquo
811 3347 909 3403 viritim
932 3347 1067 3421 acceperis
1088 3346 1207 3403 verbera.

159 3460 364 3472 -—--—-

226 3532 236 3562 ι
255 3532 362 3594 Sreqieq.
381 3527 440 3594 eto]
465 3528 535 3579 Gell.
549 3530 581 3578 N.
595 3529 626 3578 A.
641 3529 676 3578 11.
690 3527 744 3590 ιιι.
776 3529 872 3591 „Unde
891 3530 937 3579 hie
957 3530 1163 3596 antiquissimus
1182 3547 1276 3581 versura
1299 3533 1361 3582 vice
1379 3549 1439 3598 pro·

161 3616 249 3667 verhii
268 3614 425 3664 celebratus
444 3618 486 3663 est
504 3605 631 3664 Πσιισινι
650 3611 698 3664 aul
716 3606 859 3679 κηπουρὸς
877 3602 950 3678 ἀνὴρ
967 3607 1045 3680 priter
1063 3612 1177 3677 καίριον
1195 3608 1301 3666 εἴπαθ’.
1322 3616 1364 3666 Cf.
1378 3633 1438 3667 ver-

160 3716 217 3750 sum
237 3716 316 3764 «quem
335 3698 470 3762 Aeschylo
489 3698 649 3748 tribuebant
668 3699 745 3759 olim,
766 3700 837 3765 apud
855 3699 930 3748 Stob.
944 3698 1022 3749 floril.
1042 3698 1154 3749 1v.21·.
1184 3692 1310 3751 Πσιισὶιιι
1330 3717 1371 3752 τοι
1390 3698 1440 3753 aul

159 3777 251 3851 μωρὸς
269 3775 343 3849 alodo
361 3781 550 3847 κατακαίριον
563 3777 652 3834 εἶπεν.
673 3789 701 3834 et
714 3784 768 3834 rid.
781 3784 905 3849 Apostol.
919 3785 992 3834 XIV.
1005 3783 1046 3834 ott.
1092 3784 1102 3815 ⁸
1122 3784 1183 3834 ‘Sed
1196 3791 1304 3836 cessate
1318 3802 1335 3835 a
1347 3803 1440 3853 pugna

161 3877 189 3919 et
207 3867 354 3920 convicio'.
372 3871 431 3918 edd.
445 3875 462 3918 ι’.
476 3887 506 3921 m.
526 3861 677 3919 παύσασθε
695 3867 751 3918 τῶν
767 3861 991 3934 τερατευμάτων.
1010 3869 1149 3935 Aristoph.
1164 3871 1227 3933 Lys.
1241 3868 1298 3919 tot.
1357 3871 1439 3938 tqdo·

160 3954 224 4018 σίας
243 3957 266 4004 l.
337 3952 358 3985 ¹²
374 3954 417 4003 De
436 3953 522 4003 libero
542 3954 656 4003 arbitrio
674 3955 746 4003 inter
765 3953 821 4003 aliu
843 3954 1049 4019 disceptaverat
1067 3955 1171 4005 Echins
1194 3970 1254 4004 cum
1272 3956 1393 4008 Luthero
1412 3964 1441 4009 et

161 4037 362 4089 Carolostadio.
394 4037 429 4087 cl.
443 4038 512 4103 Opp.
527 4038 608 4087 laath.
624 4038 666 4088 ed.
679 4038 742 4088 Hal.
757 4038 859 4087 lutrod.
874 4038 908 4087 ad
927 4045 989 4088 tom.
1004 4039 1104 4088 xvffl.
1119 4056 1143 4105 p.
1157 4039 1197 4089 54.
1211 4056 1269 4105 sqq.
1289 4056 1438 4092 arauaaaa.

159 4124 229 4174 Vide
244 4123 356 4172 hutheri
376 4138 437 4188 epp.
452 4123 494 4172 ed.
508 4123 541 4172 de
555 4124 655 4173 ll'ette.
676 4123 696 4172 l.
716 4138 742 4172 n.
757 4139 837 4173 caux.
884 4121 905 4154 ²¹
925 4124 985 4175 ‘Abi
1005 4124 1039 4173 ad
1058 4127 1171 4175 corvos'.
1190 4127 1248 4174 edd.
1262 4128 1320 4175 Aac.
1339 4127 1381 4177 cf.
1396 4143 1438 4177 sn-

160 4224 209 4272 pra
221 4211 243 4266 5.
257 4207 299 4257 65.
352 4206 374 4238 ²³
392 4204 521 4273 Pythag]
541 4208 584 4257 Cl.
598 4209 710 4257 Aristot.
724 4209 844 4273 metaph.
859 4209 880 4269 1,
895 4208 919 4258 5.
955 4206 977 4240 ²¹
995 4209 1103 4259 ‘echett
1122 4210 1180 4259 edd.
1194 4212 1209 4259 ι’.
1222 4227 1253 4259 m.
1267 4211 1340 4259 hodie
1353 4210 1439 4276 rdidpt.

161 4292 322 4357 Explicatur
340 4292 367 4341 h.
386 4290 403 4341 l.
418 4291 521 4358 dialogi
541 4293 695 4357 inscriptio.
731 4295 813 4342 Alium
829 4310 927 4344 senamu
944 4292 1018 4343 dubet
1036 4294 1186 4344 Alemrrdrm'
1203 4295 1244 4356 (ι’.
1258 4295 1282 4355 2²,
1294 4294 1350 4359 too.)
1373 4297 1438 4357 „de-

161 4377 259 4426 dolabo
278 4375 421 4426 assrrlatim
439 4377 572 4425 riscera”.
624 4375 646 4409 ²²
666 4379 861 4443 ‘cognomiuie'.
880 4379 939 4428 edri.
953 4381 969 4426 ι.
983 4395 1013 4427 ιιι.
1033 4377 1097 4428 Sive
1116 4379 1141 4428 h.
1154 4378 1171 4427 l.
1185 4379 1242 4428 ιοιι.
1256 4380 1361 4431 Echius
1373 4382 1439 4432 Tro·

160 4462 277 4512 virensis
295 4460 478 4510 caarcellnrius
497 4466 525 4509 et
543 4460 673 4511 officialis
696 4464 754 4512 sive
777 4464 930 4513 bavaricus
954 4463 1128 4513 consiliarius
1152 4479 1185 4514 ae
1209 4465 1333 4515 minister
1350 4467 1439 4516 Leon·

160 4546 262 4596 hardus
280 4546 314 4595 ab
328 4545 406 4611 Egeta
424 4544 610 4610 significetur,
628 4561 716 4611 neque
731 4547 814 4598 facile
827 4563 915 4613 neque
928 4563 996 4614 opus
1010 4554 1052 4598 eet
1070 4548 1191 4598 ‹lcflnire
1211 4564 1359 4600 saansaan.
1389 4551 1441 4601 Est

161 4632 322 4681 llavarioua.
343 4631 378 4679 cl.
393 4631 502 4695 Dispnt.
518 4629 552 4679 ml
564 4632 587 4692 ἕ.
600 4629 642 4679 os.
656 4633 703 4681 eit.
755 4629 778 4663 ³²
797 4633 942 4683 ‘Invidiam
961 4633 1066 4699 ipsam'.
1089 4635 1147 4683 edd.
1161 4638 1178 4682 ι.
1192 4651 1222 4683 σι.
1280 4632 1302 4665 ²²
1323 4635 1440 4700 ‘Ipsiasi-

163 4719 250 4765 niam'.
269 4716 327 4766 edd.
341 4718 358 4765 ἰ.
371 4732 401 4764 ar.
454 4713 476 4745 ²²
494 4713 609 4781 viritim]
630 4717 689 4767 Vult
707 4717 805 4768 vicena
823 4718 906 4783 quina
924 4734 940 4769 a
959 4717 1075 4784 singulis
1093 4718 1160 4770 viris
1179 4733 1204 4768 a.
1217 4735 1243 4770 v.
