3382 5370
278 366 349 439 532
712 396 827 432 DIALOGl
848 395 1115 432 rottvnonvrrtttttcr.

339 556 472 612 Eccius.
509 554 541 611 n
563 562 607 617 tu,
630 562 721 628 pater,
743 552 823 611 salve.

339 641 495 696 Auditor.
532 639 715 695 Curvoratus
738 640 814 695 sum?

341 726 472 782 Eccius.
509 724 542 780 Ut
563 722 659 780 delicta
682 741 739 780 mca
762 725 862 780 audias.

210 816 270 865 btt-
343 810 496 866 Auditor.
533 809 584 865 lam
607 808 703 864 millies
726 809 826 872 audiri,
849 808 940 882 occipe
963 819 1059 865 tamen.

338 894 469 952 Eccius.
507 893 562 967 Ego
577 895 688 950 loannes
704 892 813 956 Eelrius,
830 895 927 949 artium
944 893 1094 950 liberalium
1110 893 1236 966 llagrster
1250 910 1280 948 ac
1296 909 1378 948 sacrae
1393 891 1574 965 Theologius

206 1018 211 1025 ·
277 983 387 1042 lloctor.
418 979 482 1035 licet
504 979 644 1052 indignus,
672 979 820 1034 llanunicus
841 978 1007 1052 Eystetensis
1030 996 1108 1035 serus
1130 986 1157 1033 et
1185 995 1239 1033 uon
1263 977 1357 1039 fictus,
1386 986 1416 1032 ut
1445 976 1553 1050 quidam

277 1074 408 1140 nugatur,
432 1063 601 1120 Cencclarius
623 1072 691 1125 etc..
719 1063 875 1119 tirilinarius
897 1071 963 1123 etc..
995 1063 1062 1118 luris
1085 1063 1209 1119 Canonici
1233 1062 1346 1124 doctor,
1379 1061 1465 1118 civilis
1488 1052 1554 1117 uero

278 1145 465 1211 doctissimus,
487 1148 607 1210 ltalicus.
629 1146 793 1209 Austriacus.
817 1149 962 1205 Saronicus
985 1148 1166 1222 triumphator
1187 1156 1214 1202 et
1237 1164 1344 1220 semper

211 1240 269 1290 §.m
342 1234 497 1291 Auditor.
533 1224 734 1307 paterbrunne,
757 1250 805 1288 seu
827 1233 908 1288 uraris
931 1222 1102 1307 pnporuroe.
1146 1233 1211 1306 quin
1235 1240 1263 1287 tu
1286 1241 1394 1305 peecata
1416 1248 1553 1293 recenses,

277 1322 328 1378 lroo
350 1320 420 1375 enim
444 1319 541 1375 iactare
563 1326 620 1380 est,
644 1317 712 1373 haud
735 1318 866 1374 confiteri.
1564 1325 1589 1364 tt

340 1404 471 1461 Eccius.
508 1404 647 1471 Quaenam.
670 1401 782 1464 naulum.
804 1405 931 1477 peccata?

340 1489 494 1545 Auditor.
532 1486 732 1544 Temulentiam.

340 1574 473 1630 Eccius.
510 1576 544 1628 At
565 1590 614 1629 cur
635 1573 716 1628 sitio‘t

340 1659 497 1714 Auditor.
534 1657 689 1713 Libidinem.

341 1743 474 1800 Eccius.
513 1742 637 1798 llumanm
660 1751 762 1798 naturae
784 1742 958 1817 fragilitatem
980 1742 1065 1798 diois?

341 1828 497 1884 Auditur.
535 1827 667 1883 iuvidiam.

341 1912 471 1969 Eccius.
507 1911 645 1969 Peculium
668 1911 858 1985 theologorum
881 1911 992 1968 vitium?

341 1998 494 2054 Auditor.
519 1997 605 2053 lram.

340 2081 467 2139 Eeeius.
505 2082 537 2137 Et
560 2081 620 2156 quis
642 2081 721 2137 aunmi
744 2082 883 2155 passiones
906 2100 1013 2156 sempor
1035 2082 1139 2139 lrenare
1163 2081 1275 2157 posset?

339 2168 493 2223 Auditor.
530 2169 583 2222 Cur
605 2167 688 2238 igitur
710 2183 752 2222 me
774 2167 925 2223 advocasti?
1562 2175 1589 2214 ²⁰

338 2251 467 2308 Eccius.
504 2251 556 2307 Cur
578 2251 661 2324 igitur
683 2251 759 2306 urrrici
782 2251 903 2307 iussere?
925 2269 983 2307 mea
1005 2251 1075 2307 enirn
1099 2250 1165 2307 nibil
1188 2250 1331 2307 referebat.

209 2339 268 2389 All·
339 2337 493 2393 Auditor.
531 2336 639 2397 l'crnm.
663 2353 723 2391 curu
746 2336 812 2398 iam,
835 2335 972 2410 Tlreologc
994 2337 1108 2410 optime,
1133 2336 1248 2392 lortume
1271 2335 1327 2392 alea
1349 2337 1384 2390 sit
1406 2335 1553 2394 subeunda.

275 2440 306 2478 ac
328 2422 376 2477 tibi
399 2439 414 2478 a
436 2421 592 2478 criminibus
614 2421 719 2476 cunctis
742 2420 812 2477 liber
833 2420 962 2482 videaris.
992 2421 1085 2477 saltem
1108 2420 1159 2478 lroc
1182 2439 1230 2495 per
1252 2420 1358 2477 solitam
1380 2420 1422 2475 dic
1445 2420 1554 2475 temeri·

277 2515 371 2570 tatem,
395 2507 459 2580 ‹prid
482 2515 508 2562 te
531 2515 561 2562 ut
582 2505 648 2561 adeo
670 2515 765 2561 contra
787 2505 928 2562 llartinum
953 2507 1084 2562 insanires
1107 2507 1278 2563 incitaverit?

337 2591 465 2649 Eccius.
503 2590 611 2647 Secreta
633 2608 674 2646 me
697 2590 813 2665 pandere
836 2590 929 2646 iubcs'l
959 2592 1051 2646 luciam
1075 2600 1163 2647 tamen
1186 2600 1212 2647 te
1234 2592 1271 2646 ita
1298 2590 1419 2646 volente:
1453 2589 1588 2663 praedi-as

274 2686 395 2735 catorum
418 2675 468 2731 sub
492 2676 611 2736 initium.
634 2674 696 2730 dein
719 2691 827 2749 quoque
850 2675 1025 2749 Lypsensium
1048 2675 1259 2750 pollicitationes
1282 2674 1399 2731 illuxere.

338 2761 494 2817 Auditor.
530 2763 564 2814 At
586 2777 638 2833 ego
661 2759 782 2815 veritatis
805 2777 922 2815 amorem
946 2769 973 2815 ct
988 2761 1148 2817 Christianae
1171 2759 1232 2816 lidei
1255 2761 1372 2816 studium
1395 2760 1553 2816 arbitrabar.

339 2846 472 2903 decius.
508 2844 561 2900 Pro
583 2844 710 2901 coronide
733 2843 912 2906 addebantur,
935 2845 981 2901 sed
1004 2844 1078 2902 illinc
1099 2844 1241 2919 lachrymae
1264 2844 1325 2901 illae.

208 2931 266 2980 §.et
338 2931 499 2987 Auditor.
536 2928 602 2985 llira
629 2929 730 2990 refers.
764 2929 839 3002 quasi
870 2930 1091 3002 praedicatoribus
1120 2948 1229 3005 qnoque
1263 2929 1380 3003 linguam
1413 2928 1553 2996 locareris,

273 3035 333 3074 cum
356 3017 407 3090 ipsi
429 3022 540 3073 cunctos
562 3013 690 3070 mortales
717 3012 817 3087 linguae
845 3022 992 3088 exciperent
1015 3014 1201 3089 improbitate.
1228 3016 1349 3071 caninam
1378 3032 1486 3089 quoqne
1514 3014 1590 3069 tau

273 3103 435 3159 ermditatem
458 3099 497 3156 vel
520 3099 660 3155 immodice
682 3115 806 3155 exercere
828 3099 960 3155 noverint.

336 3187 465 3243 Eccius.
502 3183 604 3240 Nocere
632 3183 753 3257 quidem,
786 3191 814 3240 et
844 3183 895 3240 soli
925 3184 1120 3241 Praedicatures
1152 3184 1214 3242 lruic
1244 3184 1382 3258 tragoediae
1414 3184 1553 3240 orontium

275 3271 424 3346 praebuere.
467 3277 594 3326 caeterum
622 3286 682 3325 eum
706 3269 756 3324 iam
779 3286 810 3324 ex
833 3269 906 3325 lumu
930 3270 1018 3343 ignom
1040 3271 1231 3331 suscitassent,
1260 3288 1290 3326 ac
1317 3287 1346 3324 se
1369 3268 1481 3324 llartiuo
1506 3270 1555 3325 im·

276 3374 355 3431 piures
378 3356 512 3417 viderent,
537 3371 579 3410 mc
600 3353 728 3409 vicarium
751 3353 932 3422 substituere;
961 3371 1016 3410 ιιοιι
1039 3372 1145 3429 semper
1167 3355 1238 3411 enim
1261 3353 1365 3410 felicem
1388 3371 1447 3410 esse
1471 3363 1554 3410 terne·

275 3442 395 3502 ritatem,
424 3440 553 3496 Berneusi
580 3446 607 3494 et
630 3436 819 3494 llerrclrliniana
841 3437 991 3495 calamitate
1014 3440 1065 3496 iam
1094 3441 1197 3514 experti
1226 3446 1304 3503 sunt;
1332 3439 1392 3494 ideo
1422 3439 1592 3512 tantisperaa

275 3525 458 3585 dissimulant,
483 3542 512 3580 ue
527 3540 653 3579 ursorum
671 3523 755 3578 instar
777 3521 905 3597 hybernis
929 3525 979 3579 ium
1002 3523 1147 3580 dormitant
1170 3523 1288 3591 solibus,
1312 3533 1342 3579 ut
1363 3525 1512 3580 crassiores
1528 3533 1555 3579 ct

278 3611 427 3684 vegetiores
449 3608 593 3682 aliquando
615 3616 778 3681 couceptum
794 3608 866 3663 virus
882 3625 1019 3670 evomere,
1042 3617 1069 3664 et
1084 3627 1165 3664 noras
1185 3609 1277 3664 turbas
1293 3609 1424 3664 suscitare
1440 3606 1554 3664 valeant.

209 3696 267 3745 W·
341 3694 496 3750 Auditur.
534 3685 661 3766 Egregie.
686 3701 715 3747 ut
736 3692 901 3766 agitantibus
925 3693 986 3749 latis
1009 3692 1152 3767 aliquando
1168 3692 1382 3768 Ternplariorunr
1405 3702 1556 3766 sequantur

276 3781 395 3852 vestigia.
439 3779 485 3835 sed
508 3778 570 3853 qnid
593 3778 742 3852 Lypsenses
765 3777 904 3834 movebat?

339 3865 465 3922 Eccius.
504 3857 561 3918 Καὶ
584 3847 726 3937 κεροιμεύς
747 3863 868 3937 κεραμεῖ
886 3855 994 3931 κοτέει,
1015 3856 1065 3916 καὶ
1082 3855 1193 3918 τέκτονι
1215 3856 1337 3930 τέκτων,
1565 3869 1594 3908 ⁴¹)

504 3941 560 4002 nat
578 3934 690 4020 πτωχὸς
709 3943 815 4027 πτωχῷ
829 3940 962 4019 φθονέει,
978 3941 1027 4002 καὶ
1041 3934 1141 4015 detdic
1156 3936 1257 4028 ἀοιδῷ.

312 4077 314 4081 .
339 4034 496 4090 Auditor.
533 4031 601 4087 llum
623 4040 713 4087 tantus
736 4041 829 4107 patres
851 4032 951 4089 invidia
973 4050 1081 4106 quoque
1104 4034 1212 4107 tangit‘t

340 4117 470 4175 Eccius.
508 4116 590 4172 lmmo
613 4117 721 4190 penitus
744 4118 894 4175 excecavit.

330 4297 537 4365 ⁸Itolicusetc.]
551 4299 878 4351 Iustinionumimitotur.
914 4300 1136 4351 ⁹‘Veuiesimmn’
1151 4299 1359 4350 ‘stultissimus’
1393 4298 1556 4365 ”perparo-

277 4401 335 4437 τοο.
344 4390 400 4436 Aa.
434 4384 456 4418 ²⁹
470 4387 552 4435 ‘Laus
566 4384 791 4450 praedicatorum)
805 4388 928 4436 eddim.
963 4383 986 4417 ⁸⁰
999 4391 1149 4450 exciperent
1163 4388 1213 4434 nt.
1235 4400 1296 4434 can.
1310 4385 1455 4435 facundia:
1470 4385 1556 4446 erin-

278 4468 617 4531 tiliau.inst.or.)lll.9,o.
652 4468 1083 4520 ⁸³01:Ecclesiasttcixxtlatt.
1118 4467 1366 4520 ³⁵Beruieusim.
1387 4468 1557 4535 Cl.vol.l.p.

280 4551 470 4605 tabulatae.
515 4551 537 4586 ’θ
554 4551 779 4619 Temploriorum]
799 4571 816 4604 a
829 4554 968 4605 Clemente
982 4556 1034 4606 Pl'.
1048 4555 1080 4604 V.
1099 4556 1174 4620 rogis
1192 4554 1312 4621 Philippi
1335 4553 1439 4620 pulchri
1464 4556 1557 4604 uvari-

279 4638 327 4687 tire
346 4638 515 4687 traditorum.
551 4635 604 4670 *Μ’
624 4639 667 4688 ‘Et
680 4639 778 4705 figulus
789 4638 873 4705 figulo
891 4640 1020 4689 irascitur
1038 4645 1065 4688 et
1079 4640 1157 4689 labro
1171 4640 1261 4701 luber,
1281 4641 1318 4689 Et
1329 4638 1468 4688 mendicus
1481 4655 1556 4689 meu-

279 4720 341 4773 dico
360 4720 476 4783 invidet,
497 4726 525 4770 et
537 4727 620 4787 poeto
637 4727 745 4789 poclm*
790 4723 848 4774 Aut
865 4741 891 4774 ιι.
904 4720 972 4788 aab]
991 4723 1103 4774 lloaiod.
1117 4723 1170 4790 Op.
1184 4728 1211 4774 et
1229 4722 1253 4772 d.
1267 4723 1309 4773 25.
1322 4738 1361 4788 sq.
1413 4720 1436 4754 ⁴⁸
1454 4724 1512 4774 Imo
1530 4728 1557 4774 4.
