3382 5370
460 358 685 427 [rincsnrutcsr]
722 376 819 411 occire
838 376 1009 412 uroontrrs.
1046 359 1127 425 (toto.)
1365 346 1437 417 5l9

222 534 348 592 lieoius.
386 537 439 591 Cur
462 536 516 591 ito?
1402 594 1406 605 ,
1449 543 1508 592 §.ru

222 621 318 676 l'ucr.
355 621 408 675 flor
431 621 485 675 itu?
508 620 570 695 quia
594 637 686 676 omues
710 619 957 692 tegiiersrrlmntur,
980 639 1011 678 ue
1031 621 1174 678 confestim
1198 622 1228 677 nd
1252 638 1348 676 uoruen
1365 631 1439 677 tuum

160 705 237 778 qumi
260 723 357 761 renosco
386 705 486 779 corripi
517 704 690 767 videbuntur,
724 705 785 762 idco
814 723 863 762 nec
890 706 991 761 orendo
1020 723 1070 763 neo
1098 705 1264 764 obsecrando
1293 706 1355 780 quid
1384 706 1442 762 effi·

159 808 221 847 cere
243 790 328 863 potui.

136 891 149 930 o
224 875 356 931 Eccius.
393 875 425 932 tt
448 875 511 948 quid
535 874 756 948 praetendebant?

222 961 318 1016 Puer.
354 959 430 1015 Alius
452 959 539 1020 aliud.
562 977 656 1016 omnes
679 969 766 1016 torneu
789 969 916 1034 quassato
938 961 1026 1034 cupite
1051 961 1143 1017 tritum
1167 961 1232 1017 illud
1254 959 1440 1022 decantabunt.

160 1033 205 1101 ὅτι
227 1035 317 1099 πάλαι
338 1032 400 1100 ποτ’
424 1024 500 1115 ἦσαν
522 1033 641 1116 ἄλκιμοι
665 1035 821 1116 Μιλήσιοι.

224 1129 353 1187 Eccius.
392 1127 470 1191 Φειῖ,
501 1138 527 1185 et
556 1130 607 1184 lior
631 1138 773 1204 postquam
803 1148 834 1186 ex
861 1129 965 1204 lipsien
987 1130 1171 1204 disputatione
1192 1130 1341 1204 gloriosior
1363 1149 1443 1205 quoru

162 1233 278 1289 unquorn
302 1215 444 1271 redierim?

130 1314 153 1353 ro
225 1302 319 1356 Puer.
355 1300 506 1358 Gloriosior
529 1317 561 1356 nu
585 1299 719 1362 odiosior.
745 1308 801 1355 tute
824 1300 930 1356 rideris.

224 1386 355 1442 litoius.
391 1385 518 1442 l'ossirnis
541 1385 625 1456 igitur
646 1385 812 1458 despicatum
835 1403 877 1441 rue
900 1384 985 1440 rnodis
1008 1385 1125 1441 asseris?

224 1471 319 1527 f‘uer.
356 1470 486 1527 Ariolore.

225 1555 353 1612 Eccitrs.
392 1556 443 1611 Sed
465 1573 519 1611 uou
542 1555 650 1629 irnpuue
673 1556 776 1615 ferent.
807 1554 878 1628 quod
908 1573 949 1611 ure
977 1553 1090 1611 sulidolo
1118 1555 1170 1612 fruc
1199 1572 1285 1629 usquo
1307 1554 1444 1612 lactarunt

161 1641 291 1705 amicitia,
315 1658 386 1699 nunc
408 1658 471 1696 reru
494 1641 565 1697 lrrrlis
587 1639 724 1695 ludificant
746 1638 966 1701 lrnlilicabilibus.
989 1656 1050 1696 curu
1073 1640 1253 1714 prementibus
1276 1648 1363 1697 taruco
1386 1659 1441 1697 rcrn

132 1734 283 1783 mnostrum
307 1744 432 1799 ngenrus;
460 1727 505 1780 sed
529 1725 605 1800 prius
627 1725 798 1785 coutlrururu.
823 1734 850 1780 ut
875 1733 937 1798 post
960 1742 1083 1781 somnum
1106 1725 1200 1782 ocrrlos
1222 1724 1336 1781 abluam.

225 1811 322 1866 Prior.
359 1810 493 1873 l‘nlotuur,
517 1821 547 1867 nt
570 1810 682 1866 ridetur.

227 1896 328 1952 Eeciu
338 1916 358 1951 s.
396 1896 417 1951 u
439 1895 626 1951 suavissimum
648 1912 772 1951 curnrunr
796 1893 932 1950 lerrrmen!
956 1894 1074 1956 Solvete.
1099 1895 1184 1950 unrici.
1453 1906 1509 1955 §.ro

226 1981 338 2037 tirrici.
375 1981 408 2037 Et
431 1989 460 2036 tu
483 1997 592 2054 (priorque
615 1979 703 2035 snlrus
726 1979 778 2041 sis.
802 1979 932 2052 magister
954 1988 1062 2043 nostem
1085 1990 1115 2036 ut
1137 1979 1227 2035 voles?

226 2064 329 2121 Ecciu
338 2086 358 2122 s.
397 2066 429 2121 tu
451 2066 576 2127 ceruitis,
599 2065 651 2121 nisi
675 2065 746 2120 euiur
768 2064 888 2120 contlrari
912 2064 992 2121 liuius
1014 2064 1135 2121 sulrsidio
1159 2073 1296 2121 recreatus
1325 2065 1443 2124 fuissem.

131 2152 217 2206 roiam
241 2151 342 2225 pridern
367 2151 392 2206 iu
416 2150 475 2206 lirci
498 2167 707 2207 conrurruerurcr
729 2148 842 2211 funrilio,
871 2157 912 2205 tot
934 2158 1075 2223 tantasque
1097 2167 1229 2206 rerruuuus
1250 2150 1339 2223 erigo.

226 2237 343 2292 :tirrici
380 2235 466 2298 Prolr,
490 2245 589 2308 querito
612 2235 719 2290 luuunni
742 2234 850 2306 generis
874 2234 991 2297 iactuum
1015 2236 1086 2308 quod
1110 2235 1132 2290 si
1157 2253 1199 2292 res
1222 2253 1254 2291 cx
1270 2246 1365 2291 nostro
1382 2253 1445 2309 pro·

162 2322 270 2378 cederet
292 2321 441 2379 orlritrntu.
476 2321 526 2376 inur
549 2320 653 2394 pridem
676 2319 753 2374 lieute
775 2320 903 2391 degeres,
938 2337 986 2375 nee.
1016 2320 1157 2394 quicquain
1188 2320 1214 2376 in
1243 2320 1371 2393 presenti
1396 2321 1443 2377 uti

163 2405 267 2461 doleret
291 2406 391 2462 seculo.

229 2489 357 2546 Eceius.
394 2489 553 2569 [lcapituln
576 2489 753 2563 lepidissimo,
786 2507 865 2562 qunru
888 2488 1041 2545 nrnieulriles
1063 2490 1210 2546 anticorum
1233 2491 1299 2546 estis
1322 2491 1409 2547 uitrici.
1455 2501 1513 2551 lto.

131 2586 156 2624 2¹5
229 2575 344 2631 Amici.
382 2576 426 2631 Sir.
447 2575 574 2631 solemus.

229 2660 356 2718 Eccius.
394 2664 428 2716 nt
450 2677 519 2717 nuuc
540 2678 587 2715 vos
610 2661 747 2720 odrocnri,
779 2659 818 2715 uti
842 2659 869 2715 iu
899 2659 1013 2715 urodiuur
1042 2659 1205 2724 consulatum
1240 2661 1348 2734 quentis
1376 2661 1446 2717 cuitu

164 2748 361 2803 circumventus
384 2746 433 2800 sini
456 2744 589 2806 miseriis.
614 2745 775 2819 quantisque
798 2762 947 2819 oppressus
968 2745 1179 2807 colarnitntilius.
1211 2746 1367 2820 vosmetipsi
1389 2764 1447 2801 cer·

166 2832 245 2894 uitis:
279 2850 332 2905 quo
355 2839 435 2906 poeto
458 2831 595 2903 igiturex
619 2830 793 2885 incommodis
816 2830 876 2886 istis
905 2848 947 2886 uro
975 2831 1113 2892 extricari.
1147 2831 1332 2905 imprimisque
1360 2831 1448 2887 dirum

167 2936 221 2991 quo
243 2917 382 2989 rlceoquor
405 2916 555 2972 incendium
579 2916 736 2988 extinguere
759 2913 861 2971 iolcum
884 2915 1009 2977 edoceto,
1032 2933 1066 2972 uc
1090 2915 1151 2972 tulis
1175 2924 1319 2989 tentusque
1341 2933 1448 2990 pereorn

131 3002 277 3063 renutet.
301 3020 331 3057 nc
354 3001 429 3057 rolris
451 3001 620 3056 amicissimis
643 3000 709 3056 rucis
737 2999 859 3055 dulorcru
889 3000 1091 3057 urerfiissinruur
1118 3018 1148 3058 ar
1174 3001 1368 3075 sempiternum
1396 3001 1447 3057 nrei

166 3086 315 3160 relinquunt
336 3086 508 3142 desiderium.

229 3172 323 3228 l'ucr.
360 3171 522 3227 uanum-nm
546 3171 644 3243 fugito.

230 3256 361 3314 Eecius.
398 3256 529 3324 Quidnam
552 3255 700 3311 trifurcifer
723 3251 872 3327 oligunuit?

230 3342 330 3398 lucr.
367 3341 422 3402 Nil,
448 3341 526 3403 frere:
548 3339 705 3396 orntlrnruru
729 3337 889 3411 qureroliom.

133 3435 158 3473 os
231 3426 350 3482 druici.
387 3428 422 3482 tt
444 3426 507 3500 quid
531 3424 617 3485 uliud,
642 3441 721 3498 quoru
744 3440 798 3478 uon
821 3441 885 3485 nos,
908 3424 956 3479 sed
978 3423 1096 3480 medicos
1118 3423 1253 3481 consulor.

230 3510 360 3568 Eccius.
400 3506 450 3578 Τίς
472 3495 532 3581 δῆτ’
555 3499 753 3581 latericium
781 3500 813 3562 ἐν
841 3505 876 3585 τῇ
906 3497 1004 3568 πόλεις
1038 3509 1158 3580 quumvis
1190 3510 1260 3563 euirn
1290 3517 1449 3565 cruretorum

167 3595 316 3670 periculum
341 3596 405 3658 feci.
429 3597 514 3668 magis
537 3604 626 3650 torueu
649 3592 757 3649 illorum
781 3593 868 3649 olifuit
891 3610 969 3666 rprnru
994 3593 1098 3666 profuit
1120 3610 1212 3667 opero.

229 3681 329 3736 l‘ucr.
367 3680 430 3735 Plus
454 3689 542 3736 tarrren
564 3679 709 3735 corrtlrnrus
732 3677 827 3734 olifuit.

230 3766 360 3821 Eecius.
397 3765 465 3833 Quid
488 3764 604 3819 olilotrnt
627 3760 807 3838 propudium?

135 3858 160 3895 ⁴⁰
233 3851 328 3905 Puer.
365 3850 529 3909 florrtlrnrus.
555 3849 676 3922 iuqunrn.
699 3848 811 3922 profuit.

233 3934 362 3992 Ecoius.
399 3934 491 3991 Solum
514 3935 565 3991 froc
587 3942 673 3995 recte.
698 3950 757 3989 uum
782 3933 854 4006 quod
877 3932 967 4006 spiro,
991 3931 1118 4006 quodque
1141 3930 1214 3988 rituli
1231 3932 1359 4006 perfruor
1374 3941 1513 3995 duretur».

169 4038 223 4076 non
248 4019 371 4081 medicis,
395 4020 441 4074 sed
464 4019 515 4075 soli
538 4019 667 4075 crrntlraro
690 4026 828 4092 acceptum
851 4018 948 4073 refero.

232 4105 348 4159 unrici.
386 4103 502 4177 Egregio
525 4122 554 4159 es
577 4121 642 4159 usus
665 4102 783 4164 medico.
807 4102 853 4158 sed
876 4120 935 4158 cunr
959 4101 1046 4158 nostri
1069 4101 1135 4160 adeo
1159 4101 1206 4157 uti
1223 4101 1348 4163 sordent.
1373 4102 1448 4159 focile

169 4191 221 4247 crit
244 4188 350 4244 aliunde
374 4188 520 4262 peritiores
549 4187 697 4249 urtecrsire,
732 4187 783 4242 riu'
812 4187 894 4258 igitur
917 4187 947 4242 ud
971 4185 1208 4260 Snltzlnrrgeuseru
1235 4187 1372 4243 mittemus
1400 4189 1449 4243 fir·

237 4371 330 4436 'quiri
346 4375 370 4421 f.
440 4370 604 4433 'Quoniam
622 4370 685 4420 olim
709 4370 813 4419 streuui
838 4373 917 4419 orout
940 4368 1050 4419 Milesii.
1075 4370 1134 4419 edd.
1152 4371 1187 4419 nd
1203 4385 1281 4434 mura.
1312 4369 1449 4436 Aristoph.

168 4457 242 4508 Plut.
259 4455 331 4506 1003.
348 4454 420 4506 1076.
451 4457 504 4515 (lle
528 4457 562 4505 iis
585 4456 631 4520 qui
659 4471 676 4505 a
699 4455 835 4520 prioribus
864 4453 983 4504 moribus
1012 4453 1163 4504 fortuniore
1192 4453 1450 4518 degeneraverunt.)

169 4542 499 4606 ⁸postquornornir.f.f.
542 4538 560 4572 ¹¹
581 4539 929 4596 Cf.Plout.Cus.ll.·2,tt.
971 4536 1075 4603 ¹⁸lud.]
1096 4537 1335 4602 ct.unt.1v.1‚o.
1375 4537 1449 4590 ”no

170 4624 232 4691 tul]
253 4625 342 4691 qualis
360 4633 411 4676 ort.
424 4643 449 4692 p.
465 4626 543 4675 Nero.
562 4624 638 4675 Suet.
651 4626 714 4676 Ner.
727 4624 770 4675 tu.
822 4624 844 4656 ³⁶
861 4624 897 4674 nt
915 4625 976 4689 quis
994 4624 1049 4674 ium
1068 4623 1095 4672 iu
1114 4623 1231 4674 civitate
1249 4624 1370 4675 medicus
1390 4626 1449 4674 est?

170 4713 230 4765 edd.
249 4715 274 4761 r'n
286 4728 365 4777 uturp.
384 4710 521 4776 Aristopb.
534 4709 606 4761 Plut.
620 4707 679 4759 407.
732 4706 753 4740 ⁸⁴
771 4708 997 4775 tlalnburgeuser'n
1016 4708 1113 4760 ttatth.
1132 4709 1238 4773 Lange.
