3382 5370
256 333 328 406 536
693 362 809 397 111Δῦ001
828 360 1097 397 ΡΒΕΥΒΟΙΙΠΤΒΜΟΙ.

255 522 324 579 blice
339 520 494 595 ingolstadii
511 519 628 578 Vulcano
643 537 802 577 consecrare
825 519 998 581 intenderem,
1021 537 1036 574 a
1056 518 1255 575 scelestissimis
1269 518 1381 593 collegis
1403 537 1470 576 mers
1491 520 1539 575 de·

257 607 368 663 stitutus
391 624 466 668 sum,
489 623 549 679 quae
573 622 692 661 resnou
716 622 809 679 parum
832 611 993 679 praesentem
1018 620 1126 678 quoque
1149 603 1271 660 morbum
1294 605 1374 661 aurit.

188 711 247 762 poe,
321 691 477 747 Auditor.
515 691 656 764 Sapienter
676 689 737 747 illos
758 690 846 764 egisse
870 689 909 745 vel
926 689 1126 745 boloniensium
1148 688 1261 745 stultitia
1277 690 1419 746 ostendere
1435 698 1538 764 potest.

320 776 448 832 Eceius.
485 775 539 831 Nec
566 776 631 831 satis
659 785 702 831 est
728 776 924 849 contempsisse
951 793 982 831 ec
1010 773 1192 848 vilipendisse,
1222 775 1273 830 uisi
1300 775 1381 830 etiam
1410 775 1537 848 turpissi-

256 863 306 918 mis
329 878 380 917 nos
402 861 532 916 infamem
554 859 721 923 nominibus,
750 860 893 916 llorrdnum
915 867 1053 934 portenta,
1083 858 1222 920 ludoctos,
1251 860 1390 922 Candiees,
1414 859 1562 933 Stipites,s

256 947 368 1008 Barros,
391 947 538 1019 Stupores.
561 944 729 1007 Nebuloncs,
752 945 950 1019 sycophantas.
973 944 1157 1018 impudentes,
1173 944 1313 1007 lascivos,
1331 943 1538 1007 Fraudulentos,

258 1030 440 1091 dnrlritiosos,
464 1031 645 1092 Ternerarios,
668 1030 805 1091 blorosos,
827 1029 946 1089 invidos.
974 1030 1089 1089 llraros,
1117 1027 1358 1102 Quadruplatorcs.
1388 1030 1539 1091 baccones,

258 1114 424 1189 Sacrilegos,
448 1114 624 1189 llypocritns,
648 1115 816 1176 Pertinaces,
840 1115 1016 1188 lrrrpostores,
1040 1122 1067 1170 et
1083 1113 1216 1170 Vitiorum
1238 1123 1395 1170 cunctorum
1418 1124 1540 1188 recepta·

258 1199 318 1257 cula
341 1209 481 1262 streames,
514 1217 563 1256 uec
591 1217 670 1255 secus
691 1200 724 1255 ad
747 1201 884 1256 veritatem
914 1217 992 1272 quarn
1020 1196 1224 1273 vespertiliones
1252 1199 1283 1255 ad
1312 1199 1401 1256 radios
1434 1199 1539 1256 solares

259 1286 385 1343 mentire
407 1294 574 1346 asserentes,
598 1286 669 1358 quod
693 1294 780 1340 tamen
804 1286 911 1358 impune
934 1284 1003 1340 baud
1026 1284 1122 1340 ierem.
1551 1301 1577 1339 ro

190 1391 251 1441 geo,
322 1371 477 1426 Auditor.
514 1370 597 1425 llinas
612 1371 659 1425 bas
676 1387 768 1431 ranas,
793 1387 858 1442 aquas
875 1387 952 1425 nerim
968 1368 1083 1444 arnplius
1100 1369 1242 1430 formidat,
1266 1368 1391 1432 obmitto,
1413 1378 1441 1426 et
1462 1378 1539 1444 post·

260 1473 338 1531 quant
362 1456 481 1529 tyrannis
504 1462 590 1510 restra
614 1454 692 1529 ‹ttrlpa
715 1463 801 1511 vestra
824 1455 941 1516 corruit,
965 1456 1092 1528 patientia
1116 1463 1211 1510 structa
1234 1455 1338 1510 vincite.

322 1539 451 1596 Eecius.
488 1539 558 1601 lleu,
582 1540 648 1601 beu,
673 1541 733 1614 quis
757 1547 844 1595 tantas
867 1540 978 1595 iniurias
1001 1540 1072 1595 lcrre
1094 1539 1214 1614 poterit?

322 1625 479 1680 auditor.
517 1624 673 1699 Quicunque
696 1625 775 1698 sapit.

322 1710 455 1765 Eccius.
493 1711 513 1764 u
537 1716 657 1784 tempora
681 1710 834 1784 praeterita,
858 1709 956 1784 quibus
977 1708 1087 1772 caelum,
1119 1727 1191 1765 ruarc
1214 1717 1241 1766 et
1264 1718 1335 1766 terra
1359 1716 1453 1766 nostro
1475 1709 1538 1765 sub
1554 1725 1578 1766 is

259 1795 418 1851 iiciebamur
439 1793 566 1867 imperio!

323 1879 478 1934 Auditor.
516 1879 582 1936 Sero
604 1880 737 1954 pmnitem
752 1880 882 1954 Phryges.
919 1880 1016 1936 Verum
1038 1888 1066 1935 ct
1081 1880 1132 1936 boc
1147 1880 1264 1942 celeras,
1288 1897 1367 1953 (param
1384 1878 1419 1936 ob
1433 1897 1540 1936 canosam

264 1967 298 2020 ita
322 1981 414 2019 (omnes
438 1963 559 2021 bomines
581 1973 674 2021 contra
697 1965 839 2020 llartinum
862 1965 984 2038 instigas.

193 2069 260 2119 §.toa
325 2049 454 2105 Eccius.
491 2049 565 2105 Licet
588 2058 615 2106 et
636 2050 726 2112 decet,
757 2050 892 2125 praecipue
914 2058 1008 2106 contra
1032 2049 1112 2105 talem
1135 2050 1308 2110 haereticum.
1337 2050 1383 2125 qui
1412 2067 1466 2105 non
1496 2068 1540 2105 so·

260 2134 314 2190 1ιιιιι
338 2133 497 2206 Tbeologis,
528 2134 574 2191 sed
602 2143 630 2191 et
659 2135 796 2191 nrunacbis
826 2134 892 2209 ipsis
920 2143 973 2190 tam
1001 2133 1197 2190 intolerandum
1226 2133 1416 2191 detrimentum
1439 2135 1577 2191 inferrem

260 2227 388 2278 conatur,
411 2235 440 2273 ac
463 2218 568 2292 publice
591 2237 638 2276 eos
661 2228 855 2281 assentatores,
891 2228 918 2275 et
940 2219 1034 2275 suuimi
1057 2219 1194 2276 l‘omdicis
1223 2219 1370 2292 parasitos,
1403 2238 1433 2275 ac
1456 2220 1542 2275 bouu-

261 2322 323 2361 num
346 2303 528 2359 mendicabula
551 2304 682 2379 appellet,
705 2304 877 2379 clamitetque
900 2322 953 2360 ιιοιι
976 2322 1036 2360 esse
1058 2303 1253 2377 eleemosynam
1277 2322 1336 2378 quac
1357 2305 1428 2360 inter
1444 2322 1541 2378 porcos

263 2398 315 2443 taur
339 2388 436 2443 obesos
459 2388 650 2450 distribuatur;
684 2398 710 2445 et
733 2399 762 2446 tu
786 2391 836 2445 iarn
865 2399 943 2445 antea
971 2390 1109 2450 audivisti,
1144 2406 1195 2445 nos
1222 2388 1304 2451 lueri,
1337 2406 1391 2445 uon
1421 2390 1543 2445 recitatis

262 2473 348 2546 gratia
372 2490 505 2547 pugnare.
540 2474 623 2546 igitur
644 2483 672 2530 et
694 2474 853 2531 Emserauus
875 2473 1063 2548 capricornus,
1096 2482 1124 2530 et
1146 2474 1334 2530 lraureticornrn
1357 2475 1541 2548 inquisitores,

195 2576 322 2630 aperiret:
346 2576 399 2613 non
425 2557 585 2631 theologicae
608 2576 695 2633 vesque
717 2568 820 2616 cuncta
843 2559 869 2614 in
893 2559 968 2615 illum
991 2569 1054 2615 sunt
1077 2558 1225 2615 incitanda.
1252 2560 1317 2633 quio
1339 2577 1419 2633 spero
1443 2561 1578 2619 iratresea

262 2644 379 2700 llinores
401 2660 443 2698 ure
465 2661 525 2699 curn
548 2643 595 2700 illo
617 2645 787 2701 crrrnrnitterc
809 2662 905 2718 posse,
929 2662 997 2718 quos
1020 2662 1073 2700 non
1096 2643 1183 2699 solum
1206 2643 1330 2700 indoctos
1345 2643 1471 2718 appellat,
1495 2645 1542 2699 sed

263 2737 290 2785 et
314 2739 439 2802 tanquam
464 2727 501 2783 uil
522 2728 625 2785 discere
649 2729 730 2785 aelim
752 2729 855 2803 arguit:
878 2737 905 2784 et
929 2729 979 2784 iam
1003 2729 1105 2803 pridem
1128 2727 1216 2784 scabie
1240 2728 1283 2785 illa
1307 2746 1399 2785 eorum
1416 2729 1543 2802 pruriunt

263 2812 394 2888 scapulae.
429 2814 463 2868 ita
488 2820 518 2868 m
541 2831 603 2888 spes
625 2815 661 2869 sit
683 2814 799 2870 lliuorcs
827 2831 887 2870 curn
917 2813 1138 2887 praedicatoribus
1166 2813 1201 2870 ob
1229 2813 1316 2870 solum
1339 2814 1480 2870 llartiuuru
1511 2831 1543 2869 ea

265 2897 409 2954 immortali
433 2898 494 2953 odio
518 2897 544 2953 in
567 2899 680 2972 gratiam
703 2916 783 2973 posse
807 2898 909 2961 redire,
944 2916 997 2973 quo
1025 2898 1161 2954 communi
1182 2899 1266 2955 llarte
1295 2916 1351 2958 reru
1380 2899 1491 2972 aggredi
1515 2906 1543 2955 et

266 2984 408 3040 lectionem
431 2983 498 3039 banc
521 2983 661 3041 scelestam
683 2993 710 3040 et
733 2983 964 3057 tbeulogiperdaru
987 2984 1141 3057 opprimere
1164 2983 1305 3040 valcamus.
1551 3003 1579 3041 ao

197 3094 263 3144 ppo-2,
329 3067 488 3124 Auditor.
525 3070 559 3123 dt
582 3068 682 3131 ridete.
706 3069 809 3143 ignem,
833 3078 941 3142 quomet
966 3068 1016 3142 ipsi
1039 3068 1182 3143 aliqnando
1204 3070 1393 3143 coudagrctis,
1417 3068 1543 3125 accenda-

267 3153 310 3208 tis.
348 3152 465 3208 salrator
487 3162 580 3209 noster
601 3154 724 3210 Cbristus
746 3171 795 3229 per
816 3153 938 3209 homines
962 3153 1058 3209 idiotas
1082 3154 1207 3210 muudum
1236 3155 1269 3210 ab
1297 3153 1437 3211 erroribus
1467 3171 1544 3209 reru·

263 3237 346 3299 cavit,
370 3255 416 3293 vos
439 3255 488 3312 per
509 3237 632 3295 immines
655 3247 685 3295 ut
706 3239 827 3295 asseritis
848 3238 944 3295 doctos
967 3239 1094 3294 muudum
1115 3239 1146 3293 ad
1162 3256 1270 3295 errores
1284 3239 1440 3300 (intruditis.
1464 3238 1544 3313 idque

264 3340 318 3379 non
341 3322 428 3378 verbis
451 3330 478 3378 et
501 3324 594 3385 lactis,
618 3333 647 3379 m
669 3324 802 3398 quondam
826 3323 964 3397 Apostoli,
988 3323 1141 3385 laudandis,
1164 3324 1210 3379 scd
1233 3323 1313 3397 plane
1334 3324 1500 3380 detestandis
1516 3330 1544 3378 et

265 3407 463 3468 abominandis,
497 3416 524 3463 et
547 3409 618 3481 qum
648 3408 687 3464 illi
715 3407 880 3469 bumilitate,
914 3409 1117 3465 mansuetudine
1144 3416 1172 3464 et
1199 3410 1341 3465 sanctitate
1367 3409 1580 3469 aedificaruntas

266 3511 313 3548 vos
336 3493 490 3567 tyrannide,
512 3492 684 3566 improbitate
707 3501 735 3549 et
758 3493 909 3549 temeritate
930 3494 1070 3549 destruere
1092 3493 1211 3555 audetis,
1241 3511 1293 3549 non
1318 3494 1474 3565 ignoramus
1496 3513 1545 3550 vos

266 3577 456 3634 scelestissime
479 3595 560 3650 agere
583 3577 775 3634 et·rnendaciis
798 3578 867 3634 lictis
882 3586 910 3633 et
926 3578 1025 3635 insulse
1040 3578 1207 3634 concinnatis
1222 3579 1361 3635 veritatem
1378 3580 1544 3652 impugnare,

267 3662 346 3736 idque
368 3681 400 3718 eo
424 3672 545 3736 teutpore
569 3680 623 3736 quo
646 3662 794 3719 calamitosi
818 3663 870 3719 bric
893 3681 978 3738 usquc
1002 3662 1061 3719 laici
1084 3662 1177 3719 oculos
1199 3664 1304 3736 aperire
1326 3672 1354 3719 et
1375 3682 1389 3720 a
1410 3681 1545 3721 caecorum

265 3746 363 3802 dinato
387 3765 415 3802 se
436 3747 576 3804 vendicare
600 3747 747 3821 incipiunt,
777 3746 913 3823 planeque
939 3749 1019 3804 ritant
1042 3757 1156 3804 vestram
1179 3766 1242 3804 cum
1264 3748 1344 3805 dictis
1375 3758 1402 3806 et
1433 3749 1546 3806 ueritate

266 3849 386 3905 pugnare
408 3840 530 3887 eternum.
1309 3874 1314 3883 .
1555 3854 1581 3893 ιο

197 3934 273 4054 §.ronl
329 3916 461 4056 Ecqius.
498 3918 594 3991 Atqui,
619 3926 648 3973 ut
671 3917 761 3981 video,
784 3927 812 3975 et
835 3926 863 3975 tu
886 3918 1054 3975 Lutberauus
1083 3937 1125 3980 es,
1155 3937 1185 3975 ac
1206 3928 1308 3976 secreta
1331 3928 1425 3975 uestra
1448 3938 1546 3994 propa·

274 4019 321 4058 arc
343 4019 375 4057 au
395 4000 443 4057 es?

330 4183 341 4215 ³
358 4184 469 4246 [tuttirin
481 4191 506 4233 et
518 4202 540 4233 o.
554 4185 578 4233 7.
593 4183 750 4247 &rabidosos
768 4192 794 4235 et
805 4202 826 4234 n.
844 4184 881 4235 1⁶2.
896 4187 1017 4248 enuntio
1035 4194 1060 4236 et
1072 4204 1094 4236 o.
1107 4187 1149 4236 24.
1164 4187 1245 4250 gtnriu
1257 4191 1281 4236 2.
1291 4191 1316 4236 3.
1330 4195 1355 4236 m
1367 4204 1438 4252 rnvpe
1451 4203 1461 4240 t
1472 4205 1520 4252 pro
1536 4199 1546 4241 t

267 4266 287 4299 ¹⁰
305 4270 426 4319 excutire
440 4272 463 4318 t.
500 4267 521 4301 ¹⁷
538 4269 604 4318 Sero
616 4270 709 4334 poenit.
723 4267 797 4335 Phr]
813 4270 871 4320 Cic.
885 4287 946 4336 epp.
959 4272 993 4321 nd
1006 4271 1059 4321 div.
1075 4272 1133 4321 Vll.
1144 4270 1182 4321 16.
1201 4273 1254 4333 „ln
1267 4273 1343 4336 Equo
1356 4274 1475 4323 'l'roinno
1489 4271 1546 4338 [lii-

265 4354 303 4403 vti
321 4351 478 4420 Andronici]
497 4355 553 4403 scis
572 4369 632 4403 csse
651 4354 678 4402 in
698 4358 818 4404 extremo
838 4371 906 4404 seno
926 4371 1052 4406 sarturas.
1122 4353 1143 4388 '¹
1161 4355 1323 4420 boeticorum
1336 4362 1360 4407 2.
1370 4362 1395 4407 3.
1455 4356 1477 4388 ¹⁶
1495 4360 1546 4408 bli-

264 4438 370 4486 noritos
388 4439 598 4489 lutrobocenses
617 4438 672 4486 inm
690 4455 761 4490 nnno
786 4440 858 4490 15111.
873 4446 968 4490 contro
982 4442 1131 4491 liutherum
1155 4443 1338 4509 instigaverat
1361 4443 1474 4493 Eekius.
1495 4443 1544 4504 (cf.

268 4521 366 4582 Wadi,
382 4523 491 4573 herbera
502 4523 633 4587 Schriften
646 4524 745 4575 lell.
759 4541 785 4590 p.
799 4525 841 4575 117.
855 4525 925 4591 sqq.)
944 4530 972 4576 ct
983 4526 1108 4576 Alscldns
1122 4528 1205 4576 etism
1220 4532 1248 4577 et
1260 4527 1545 4593 Cespscbatzgoyer,

264 4605 309 4669 qui
329 4605 393 4655 item
412 4608 561 4658 Lntlierum
580 4610 691 4675 seriptis
711 4610 927 4672 infestaverant,
947 4612 1129 4662 Francisceni
1142 4612 1244 4662 ordinis
1256 4613 1375 4662 fuerunt.
1396 4628 1545 4663 srsnsscu.

261 4688 284 4721 ³²
303 4690 395 4743 inrotns
413 4696 437 4743 2.
446 4697 472 4743 3.
491 4695 527 4744 cf.
540 4694 601 4744 Act.
616 4695 665 4761 dp.
679 4695 725 4746 IV.
741 4694 780 4745 ta.
