3382 5370
273 335 322 407 98
533 351 598 402 1111.
666 367 803 402 scarras.
839 365 977 401 ciaconus
996 366 1180 402 ararnurcss.
1200 354 1283 415 (tots.)

334 541 485 583 coaevus.
502 521 537 582 m
548 520 684 582 sedebam
696 521 863 601 priusquam
876 538 1055 599 consurgens
1067 523 1095 581 iu
1108 519 1232 581 solubile
1246 520 1301 580 boc
1314 518 1551 579 conscenderem.

336 643 509 685 aurursus.
547 624 583 683 nt
603 631 670 702 post
692 622 828 684 Cebetem
851 622 905 684 luit
925 621 1049 701 Apelles.
1329 699 1332 703 ⁴

338 745 488 787 scaevus.
526 725 609 794 Fuit,
632 724 682 786 sed
705 724 834 785 nondum
856 723 897 784 illi
918 725 1084 786 innotuerat
1104 725 1265 785 surrexisse
1287 743 1343 784 me.

257 871 263 884 .
336 847 509 889 murenas.
546 825 618 887 illud
642 846 710 887 roro
733 844 821 905 snpra
843 833 930 905 capnt
952 827 1028 905 qnod
1052 826 1142 887 babes
1164 827 1299 906 quidnam
1322 828 1382 886 est?

335 948 486 990 scurrus.
524 928 628 1001 Qirmrc
650 948 666 988 a
688 928 823 988 Pindaro.

335 1051 505 1092 m'nrsuvs.
543 1029 683 1100 Polusne,
706 1028 784 1090 urrdc
806 1024 994 1110 φερέπολον
1015 1037 1043 1090 tc
1065 1031 1137 1090 dixit
1158 1027 1224 1091 ittet

335 1153 485 1194 scaevus.
522 1132 560 1193 t't
580 1133 631 1192 sis.

335 1254 506 1299 saracems.
543 1233 603 1294 lam
631 1232 700 1295 illud
728 1234 793 1294 ιιοιί
822 1253 930 1303 cornu,
959 1234 1036 1294 unde
1064 1235 1219 1313 pessimam
1248 1233 1317 1294 milri
1340 1233 1451 1311 copiam
1474 1231 1554 1291 obie-

274 1338 351 1405 cisti;
380 1336 447 1415 quid
471 1354 539 1396 reru
562 1336 643 1414 qnasi
665 1334 809 1396 lucentem
831 1343 860 1397 le
881 1335 978 1404 video,
1001 1319 1030 1397 ci
1051 1332 1231 1416 pacincis,
1255 1354 1349 1414 neque
1364 1334 1421 1395 ulla
1444 1335 1485 1395 uti
1508 1352 1554 1393 ra·

274 1440 370 1500 tioucl
393 1438 482 1498 credo
504 1437 600 1496 amissi
623 1434 739 1497 luminis
761 1436 872 1498 dolore.
1563 1452 1587 1492 ιο

206 1559 265 1610 §.aa
338 1560 490 1601 scansus.
528 1536 579 1599 l'el
600 1537 654 1598 alia
677 1559 712 1600 ex
734 1557 834 1600 earrssa
856 1540 880 1599 si
902 1537 1005 1618 placet.
1049 1547 1191 1619 prmtcrea
1213 1538 1283 1601 nibil
1305 1540 1400 1618 agitur
1421 1538 1491 1598 ririhi
1512 1538 1555 1597 iu·

276 1642 366 1712 dicio,
395 1642 512 1702 lortuita
534 1648 601 1700 suut
623 1641 699 1701 cuim
722 1642 817 1701 omnia
840 1660 919 1710 ntea,
950 1649 981 1701 ut
1008 1648 1120 1702 temere
1147 1660 1267 1702 accuser
1295 1640 1331 1701 ab
1354 1641 1389 1700 iis
1410 1641 1459 1719 qui
1482 1639 1555 1699 mala

275 1750 460 1823 acceperunt.

338 1865 508 1908 uvrrmms.
545 1845 606 1907 Nec
627 1844 678 1907 tibi
700 1852 852 1924 acceptum
875 1845 987 1906 relcrrc
1009 1845 1134 1906 debcant
1156 1846 1205 1924 qui
1227 1844 1321 1905 burra?

338 1968 488 2010 scansus.
525 1946 586 2008 Nec
606 1948 670 2027 ipsi.
1566 1960 1590 1999 rs

209 2069 269 2120 §.aa
340 2069 511 2112 rsvrrnuvs.
548 2049 585 2110 nt
606 2049 662 2108 boc
683 2046 765 2109 inulti
788 2050 910 2115 iaciunt,
940 2057 1026 2128 teque
1053 2048 1178 2109 numinis
1200 2048 1264 2108 loco
1293 2047 1406 2114 colunt,
1436 2053 1463 2107 et
1484 2053 1556 2106 tem·

276 2150 332 2233 plis
353 2151 522 2230 dignantur,
546 2149 651 2211 fortem
674 2158 809 2211 vocantes
831 2156 860 2210 et
880 2150 1039 2212 masculam
1061 2158 1090 2212 ct
1111 2149 1236 2219 virilem,
1259 2148 1445 2227 babcbasqnc
1459 2149 1489 2208 in
1504 2149 1557 2207 iur-

277 2261 444 2333 peratornm
468 2251 535 2312 olim
551 2250 750 2312 Romanorum
774 2250 915 2313 cubiculis
937 2251 1048 2322 locum,
1073 2259 1101 2312 et
1122 2270 1176 2331 per
1198 2252 1413 2312 successionem
1436 2249 1472 2310 ab
1495 2247 1558 2308 aliis

211 2363 270 2414 tlt.
280 2354 316 2416 ad
339 2355 410 2416 alios
431 2372 535 2432 magua
565 2352 681 2414 illorum
710 2373 777 2415 cnm
804 2354 961 2416 ambitione
988 2353 1143 2432 migrabm.
1188 2353 1316 2414 Pericles
1338 2361 1434 2414 autem
1457 2352 1556 2431 quanti

277 2457 361 2520 lecit?
383 2459 432 2539 qui
454 2475 528 2537 pene
551 2455 689 2516 exanimis
710 2456 766 2516 iam
789 2475 855 2516 cum
878 2456 1032 2516 audivisset
1054 2456 1194 2536 quosdam
1217 2456 1253 2516 dc
1275 2457 1335 2515 suis
1349 2452 1484 2515 laudibus
1498 2453 1593 2513 dis-ao

277 2567 422 2628 serentes,
445 2559 607 2637 prasertim
629 2558 707 2637 qnod
730 2559 828 2619 norics
851 2558 941 2618 victor
963 2577 1017 2637 pro
1033 2559 1125 2636 patria
1142 2558 1255 2628 luisset,
1277 2558 1340 2636 ipsc
1355 2562 1461 2635 praeter
1476 2573 1558 2633 spem

279 2660 393 2722 locutus
422 2658 508 2721 ‘Nilril
535 2659 640 2719 dicitis'
667 2660 760 2739 inquit
790 2670 817 2719 ‘o
846 2660 937 2727 cives,
966 2677 1034 2719 nam
1063 2659 1125 2720 lime
1151 2660 1289 2720 Fortunae
1317 2665 1385 2719 suut
1412 2654 1558 2737 partium'

214 2762 364 2824 §.tonliulti
386 2768 528 2841 practerea
549 2759 596 2820 alii
618 2761 656 2820 ita
679 2760 843 2821 retulerunt
864 2761 939 2821 bona
963 2760 1015 2821 tibi
1036 2780 1087 2821 sira
1110 2768 1228 2840 accepta
1251 2761 1363 2830 orunin,
1387 2766 1418 2819 ut
1440 2759 1485 2820 dci
1509 2756 1559 2818 bc-

282 2865 441 2926 nellcentim
463 2861 701 2923 obliviscerentur
722 2863 852 2941 penituS,
875 2861 1012 2942 pudendo
1035 2869 1173 2941 quantum
1195 2861 1324 2941 intelligo
1347 2879 1464 2930 errore,
1494 2878 1559 2920 curn

282 2974 429 3044 utcunque
452 2965 563 3025 ereuiat
584 2963 764 3034 hominibus,
787 2964 857 3024 nihil
879 2965 915 3024 ad
938 2971 966 3025 te
988 2983 1083 3044 ucquc
1105 2964 1162 3025 odii
1183 2969 1326 3044 pertineat
1341 2982 1435 3043 neque
1449 2962 1593 3042 gratiam

281 3067 359 3147 quod
381 3069 452 3128 citra
475 3066 628 3135 iudicium,
652 3071 684 3126 ut
704 3065 760 3136 ais,
783 3065 837 3126 ista
859 3065 1016 3127 distribuis.

284 3223 483 3232 *-

348 3319 359 3353 ²
382 3321 507 3382 Cebetis,
533 3326 563 3371 ut
584 3327 640 3371 turn
664 3322 816 3385 ferebatur,
840 3320 975 3372 Socratici
998 3321 1087 3371 locum
1111 3320 1145 3371 ad
1169 3335 1246 3386 quem
1269 3321 1408 3372 Haltenus
1433 3319 1560 3386 respexit,

283 3424 316 3457 cx
339 3407 450 3458 loannis
472 3405 690 3472 llcsticampinni
712 3408 838 3457 versione
862 3412 960 3467 totum,
985 3411 1015 3456 ut
1038 3405 1149 3456 facilius
1173 3407 1355 3469 conferretur,
1385 3404 1561 3472 repetendum

283 3495 446 3543 curavimus.
524 3489 645 3557 Apelles]
670 3509 713 3557 ap.
734 3492 808 3542 Stob.
826 3490 921 3542 Floril.
941 3491 995 3541 CV.
1013 3489 1054 3541 60.
1083 3481 1218 3556 Ἀπελλῆς
1244 3481 1259 3541 ὁ
1287 3487 1434 3557 ζωγράφος
1462 3481 1561 3554 locatq-

284 3571 348 3635 arte
370 3568 419 3627 did
442 3574 471 3625 τί
491 3574 544 3642 την
570 3567 667 3641 Τύχην
687 3571 859 3642 καθημένην
887 3569 1026 3642 ἔγραφεν,
1058 3565 1118 3641 Οὐχ
1141 3569 1238 3641 ἕστηκε
1262 3567 1331 3641 γάρ,
1362 3569 1434 3628 εἷπε.
1480 3575 1561 3641 Apel-

283 3661 325 3711 lcs
347 3662 438 3727 pictor
459 3661 657 3727 interrogatus,
682 3676 729 3711 cur
751 3662 900 3711 Fortunam
923 3661 1063 3711 sedentem
1085 3661 1232 3726 pinxisset,
1262 3661 1389 3723 Scilicet,
1414 3661 1560 3726 respondit,

284 3762 338 3797 nou
360 3751 416 3795 stat
438 3742 575 3811 [instabilis
597 3742 659 3810 estJ.
728 3743 845 3810 ⁵Pind.]
865 3746 930 3810 lgm.
950 3762 982 3795 ex
1000 3746 1119 3795 Pausnn.
1131 3745 1178 3795 IV.
1192 3743 1233 3795 30.
1252 3750 1318 3795 extr.
1338 3745 1515 3795 ctPlutarcb.
1528 3745 1562 3794 de

285 3832 394 3882 fortutm
407 3831 482 3881 llcrn.
501 3830 554 3893 (cd.
568 3829 672 3882 Biickh.
685 3830 736 3879 llI.
749 3846 774 3895 p.
788 3829 846 3880 565.
859 3831 896 3880 11⁰.
912 3828 962 3893 m.)
981 3830 1035 3881 Sed
1052 3830 1187 3880 Pindarus
1204 3831 1352 3880 Fortunam
1370 3845 1424 3880 non
1443 3823 1562 3895 φερέπο-

286 3917 345 3979 λον,
364 3915 453 3982 polum
471 3915 605 3966 serentem
623 3930 645 3964 s.
664 3914 821 3979 polilerarn,
846 3915 894 3965 scd
917 3907 1085 3980 φερέπολιν,
1110 3929 1170 3979 quse
1193 3915 1336 3965 civitatem
1355 3915 1452 3975 ferret,
1477 3915 1562 3965 norni-

287 4001 373 4053 narit.
390 3992 443 4065 τὴν
461 3992 492 4050 di
504 3993 594 4065 τύχην
611 3998 764 4061 (Plutarchi
776 4016 802 4065 p.
816 3999 873 4050 att.
887 4000 971 4050 verba
984 4000 1057 4063 sunt)
1075 3989 1246 4064 ἐθαύμασαν
1264 3998 1389 4065 βασιλεῖς
1405 3990 1443 4058 ὠς
1460 3991 1564 4063 πρωτό-

287 4085 370 4136 πολιν
387 4076 576 4149 salvaraeio
597 4078 646 4133 scel
669 4078 822 4150 φερέπολιν
839 4083 888 4150 τῆς
901 4075 1006 4151 Ῥώμης
1023 4073 1153 4149 α’ληθοὶς.
1175 4076 1247 4135 sarci
1266 4083 1425 4148 Πίνδαρον.
1460 4086 1564 4135 'lamen

287 4175 363 4220 recte
381 4169 519 4218 IIuttenus
536 4168 683 4218 secundum
695 4171 814 4219 Pausnn.
828 4169 845 4219 l.
859 4186 883 4220 c.
896 4171 1045 4219 Fortunam
1063 4170 1208 4235 descripsit
1225 4162 1314 4220 πόλον
1330 4185 1360 4220 τε
1379 4164 1500 4235 ἔχουσαν
1518 4163 1565 4221 lut

288 4251 323 4319 τῇ
334 4250 445 4318 κεφαλῇ
462 4248 511 4302 καλ
528 4250 562 4319 τῇ
580 4243 660 4319 friga
678 4249 750 4319 gergi
766 4246 798 4304 sd
815 4246 991 4320 καλούμενον
1007 4244 1181 4321 Ἀμαλθείας
1198 4248 1297 4318 κέρας,
1315 4254 1406 4320 polum
1418 4255 1564 4305 habentem

290 4339 318 4388 in
337 4338 430 4403 capite
449 4341 477 4386 ct
494 4336 583 4386 altera
601 4353 682 4387 manu
699 4338 847 4389 Amalthea
860 4338 928 4403 quod
941 4345 1042 4390 vocant
1054 4355 1146 4389 cornu.
1199 4339 1209 4372 ⁸
1228 4338 1320 4405 cornu]
1334 4340 1378 4390 ct.
1391 4356 1472 4406 supra
1484 4341 1508 4401 §-
1524 4340 1563 4390 lo.

291 4419 311 4455 ¹¹
330 4424 353 4482 5.
362 4418 415 4486 nt]
429 4420 473 4470 Cf.
483 4421 623 4472 Plutarch.
636 4424 669 4473 dc
682 4425 813 4474 Fortuna.
827 4441 852 4490 p.
863 4423 905 4474 95.
918 4442 975 4490 sqq.
989 4425 1042 4486 (ed.
1056 4425 1150 4475 Reislc.
1163 4425 1209 4475 Vl.
1223 4441 1249 4490 p.
1262 4423 1319 4476 367.
1326 4426 1397 4491 sqq.)
1449 4426 1470 4458 ¹⁰
1481 4423 1563 4491 §.nal

290 4506 430 4558 Plutarch.
444 4506 476 4556 de
490 4507 551 4557 fort.
565 4508 640 4558 Rom.
655 4508 700 4558 cit.
715 4514 744 4559 st
755 4508 825 4558 Plin.
839 4510 874 4558 H.
887 4510 920 4559 N.
934 4511 970 4559 ll.
984 4509 1013 4570 5,
1027 4519 1047 4560 t.
1062 4510 1131 4560 med.
1168 4507 1188 4542 ¹⁷
1207 4507 1314 4576 fortem]
1327 4526 1377 4562 aaa
1389 4510 1503 4562 Sortem.
1521 4512 1564 4561 De

291 4591 414 4642 Fortuna
431 4590 505 4642 virili
523 4593 559 4643 cf.
573 4592 650 4657 impr.
664 4592 742 4643 Ouid.
755 4594 831 4643 Fast.
845 4593 892 4643 IV.
907 4594 962 4644 145.
976 4610 1034 4658 sqq.
1097 4593 1118 4625 ¹⁰
1135 4596 1159 4656 §-
1171 4593 1225 4662 naq
1243 4596 1383 4647 Plutarch.
1401 4597 1451 4647 vit.
1464 4596 1564 4647 Pericl.

293 4694 317 4728 c.
331 4675 373 4730 38.
385 4676 429 4728 Cl.
441 4676 481 4727 ld.
494 4677 528 4729 de
540 4678 582 4729 sui
594 4677 684 4729 laude.
696 4676 787 4744 plaid.
802 4677 955 4742 (edReisk.
969 4678 1043 4729 VIII.
1057 4694 1083 4743 p.
1092 4677 1148 4730 147.
1161 4678 1213 4745 sq.)
1226 4686 1254 4730 ot
1265 4680 1328 4732 vide
1341 4681 1424 4733 etiam
1435 4681 1506 4732 Plin.
1514 4681 1533 4735 1.
1541 4697 1565 4733 c.
