3382 5370
261 359 333 431 388
497 375 543 424 ΧΙ,
613 389 771 424 remenses.
841 389 979 424 orerioovs
999 389 1181 425 rrvrrsnrcvs.
1208 374 1290 438 (teto.)

192 542 442 621 tntegss‘gsspgpbpp'l
504 563 702 605 uniuersovs.
742 543 910 604 Consultum
933 545 989 604 iam
1012 551 1102 614 essct,
1132 545 1185 604 nisi
1214 543 1343 605 obstaret
1365 542 1436 602 ordo
1460 541 1539 620 prin·

260 647 372 724 cipum,
396 665 430 705 ex
453 663 511 724 quo
533 652 601 705 srmt
623 648 672 725 qui
695 646 878 724 episcopatus
899 646 1031 707 ambiunt
1052 654 1080 706 et
1102 647 1156 723 ipsi
1184 663 1218 705 ac
1240 644 1291 705 soii
1315 647 1372 705 iam
1394 661 1468 722 pene
1490 643 1540 704 de·

259 749 346 808 trusis
374 746 457 806 nobis
486 754 586 807 contra
615 746 693 825 leges
721 755 872 826 occupant.
918 748 947 807 iri
975 747 1023 808 nbi
1052 766 1101 807 vos
1130 748 1255 808 viderint
1276 748 1452 826 pertinacius
1474 764 1537 805 rem

258 849 334 910 hanc
356 850 498 926 argenteis,
532 868 587 927 qua
616 856 700 927 putas
727 851 753 909 vi
781 849 987 928 aggredientur
1014 850 1121 910 vocatis
1149 851 1177 909 in
1206 849 1344 910 auxilium
1366 848 1538 926 propinquis

259 954 331 1020 suis,
355 953 404 1030 qni
426 952 504 1011 ierne
524 969 583 1010 non
606 958 727 1028 possunt
749 950 865 1028 spoliari
888 951 955 1020 hos,
978 969 1014 1012 ne
1037 951 1072 1012 ad
1095 953 1264 1029 patrimonia
1288 953 1329 1011 eis
1349 968 1400 1011 sua
1416 967 1559 1010 necesses

259 1055 296 1113 sit
317 1053 442 1113 reditum
465 1052 545 1112 sieri?
568 1059 686 1130 egentes
708 1053 784 1112 enim
807 1059 839 1112 ut
861 1051 1020 1131 plurimum
1043 1060 1125 1122 sunt,
1149 1061 1234 1133 atque
1257 1054 1346 1131 igitur
1368 1052 1537 1113 necessario

259 1154 296 1215 de
318 1154 447 1216 ccelesiis
470 1155 575 1214 vivunt.

258 1275 345 1311 tonte·
377 1251 384 1320 Ι
447 1276 622 1318 usncnron.
660 1255 789 1316 Tandem
817 1256 898 1317 video
927 1257 994 1336 quid
1024 1264 1154 1317 moretur
1185 1257 1298 1317 facinus
1326 1255 1482 1335 pulchrum
1511 1263 1539 1316 et

260 1359 465 1418 necessarium.

192 1468 258 1517 tut.
322 1479 520 1522 rsnscrscvs.
557 1460 619 1519 Hoc
641 1477 731 1520 uuum
754 1469 894 1522 moratur.
1549 1481 1573 1520 io

321 1582 495 1622 nsucnmu.
533 1560 640 1621 Verum
663 1561 813 1640 Principes
835 1568 901 1623 sunt
929 1562 1108 1632 huiusmodi,
1141 1570 1191 1623 aut
1218 1561 1286 1622 boni
1315 1563 1366 1622 siri
1395 1567 1462 1620 sunt
1489 1561 1540 1639 qui

260 1682 323 1724 rem
345 1682 426 1724 suam
449 1663 627 1742 aliquantum
649 1671 743 1724 actam
765 1682 852 1742 quom
868 1664 1014 1744 publicam
1034 1684 1068 1726 ex
1084 1672 1145 1724 toto
1160 1665 1322 1724 restitutam
1337 1662 1393 1722 sibi
1408 1660 1540 1723 malunt?

322 1784 519 1827 mormacus.
559 1764 781 1844 Qualescunque
809 1773 890 1836 stant,
925 1767 975 1827 sed
1010 1785 1067 1826 non
1096 1765 1269 1826 obtinebunt
1295 1773 1438 1844 perpetuo
1467 1764 1538 1832 hoc;

262 1867 416 1947 aliquando
439 1867 515 1927 euim
538 1867 707 1928 consuletur
729 1866 845 1946 publico
868 1868 912 1928 rel
934 1869 1029 1928 invitis
1053 1870 1130 1946 ipsis.

323 1990 498 2032 usucnroe.
537 1969 710 2031 Consulatur
731 1971 847 2030 tandem
876 1988 911 2030 ac
939 1970 1073 2030 omuibus
1099 1969 1189 2031 semel
1218 1971 1382 2038 corneniat,
1412 1976 1443 2029 ut
1471 1968 1575 2046 quiens

260 2071 410 2150 §fffflfflff'
431 2078 437 2147 Ι
460 2070 576 2148 publico
599 2073 694 2149 gravis
717 2080 760 2133 est
782 2073 854 2134 ordo
878 2074 944 2143 istc,
969 2071 1083 2151 publico
1107 2078 1259 2132 censeatur
1282 2070 1410 2131 consilio.

323 2192 520 2236 rumcrscvs.
558 2173 722 2235 Conveniat.

193 2284 260 2333 §.ne
323 2293 494 2338 rrvrrsuvs.
532 2275 623 2336 Etiam
647 2295 700 2354 per
721 2295 783 2337 me:
812 2295 906 2354 neque
929 2278 1005 2337 enim
1028 2277 1127 2355 quales
1149 2293 1213 2336 esse
1235 2275 1342 2335 debent
1364 2273 1539 2342 sacerdotes,

261 2395 339 2436 nunc
361 2383 443 2444 suut,
467 2361 552 2437 ct'ex
575 2377 679 2438 Christi
703 2380 831 2439 instituto
854 2380 967 2438 vivunt:
997 2397 1063 2440 cum
1091 2379 1166 2438 enim
1196 2379 1373 2455 temporaria
1402 2378 1452 2435 ista
1476 2375 1539 2435 ion-

261 2480 378 2558 gissime
400 2478 436 2538 ab
458 2496 490 2539 se
512 2487 639 2540 statuere
661 2479 816 2549 deberent,
840 2498 873 2540 ea
897 2482 963 2540 totis
985 2481 1087 2540 animis
1109 2488 1252 2558 occupant
1274 2498 1308 2539 ac
1323 2479 1412 2540 rebus
1426 2495 1577 2542 summere

261 2580 349 2657 3:5ng
401 2579 509 2640 frivolis
530 2599 650 2658 operam
673 2581 757 2650 dant;
780 2583 809 2641 in
831 2583 965 2660 praesenti
989 2584 1065 2641 euim
1087 2581 1181 2642 dulcia
1205 2599 1270 2661 quae
1285 2587 1362 2650 stitit,
1378 2600 1411 2641 ea
1427 2588 1539 2639 secten-

261 2680 403 2759 335333535·
428 2680 434 2749 Ι
456 2688 519 2751 tur,
544 2701 577 2742 ea
599 2683 832 2761 complectuntur
854 2702 888 2744 ac
910 2701 963 2761 pro
986 2685 1107 2744 summis
1131 2683 1252 2752 haiient,
1277 2685 1305 2743 in
1328 2684 1457 2742 torturum
1480 2698 1540 2740 non

262 2783 431 2853 consulunt,
465 2801 561 2861 neque
584 2783 670 2844 huius
692 2785 800 2845 iaciunt
821 2784 868 2844 iila
890 2792 1018 2846 venturae
1041 2787 1104 2846 vitae
1132 2784 1223 2854 hona,
1258 2802 1323 2863 qnae
1352 2802 1415 2844 esse
1442 2790 1540 2842 tamen

261 2886 421 2965 loquuntur
442 2891 568 2954 tantum,
601 2903 659 2945 raon
682 2886 805 2947 creduut
827 2888 927 2947 ctiam:
962 2889 1073 2947 namsi
1103 2886 1269 2954 crederent,
1305 2903 1363 2946 iton
1391 2888 1432 2945 sic
1459 2883 1540 2945 luxui

263 2994 397 3049 vacarent
420 2994 448 3047 et
471 2986 596 3048 officium
620 2987 803 3057 desererent,
833 2988 966 3049 homines
989 2987 1059 3049 nihii
1082 2990 1183 3066 spiritu
1207 2994 1337 3055 utentes,
1367 3005 1467 3047 rernm
1494 2987 1577 3051 ines

262 3090 336 3151 tuitu
359 3089 455 3149 carnis
477 3096 594 3167 egentes
617 3091 727 3158 omnia,
751 3091 836 3150 ctiam
860 3092 1033 3169 cogitantes,
1057 3109 1130 3169 quos
1155 3090 1284 3151 videmos
1306 3099 1453 3166 unguenta
1468 3086 1541 3147 aiios

260 3190 361 3277 mig
389 3183 397 3251 Ι
420 3197 448 3251 et
469 3192 669 3252 suavissimum
691 3209 836 3270 quemque
858 3192 980 3253 odorem
1002 3190 1127 3253 molliter
1154 3191 1334 3270 flagranteis,
1364 3190 1434 3251 alios
1455 3207 1540 3266 spur·

263 3295 409 3354 cissimurn
432 3293 551 3353 fornicis
573 3311 710 3372 vaporem
732 3293 808 3354 ioede
835 3293 1024 3373 perolentcis:
1054 3301 1082 3355 et
1111 3302 1206 3355 tarnon
1235 3294 1407 3355 Sacerdotes
1436 3310 1540 3351 recan-

263 3403 313 3456 tur
334 3395 507 3456 hrriusmodi.

196 3495 393 3574 §.tttiffittfg‘w
427 3493 434 3562 Ι
497 3516 695 3560 seescrscvs.
734 3497 769 3557 Et
790 3495 843 3558 soti
866 3516 940 3576 peno
962 3498 1072 3559 divitias
1094 3500 1190 3577 quiete
1212 3498 1368 3576 possident
1551 3521 1577 3562 aa

328 3619 503 3661 macaron.
541 3599 594 3660 Hic
615 3600 794 3677 respiramus
816 3599 1007 3670 Mercatores‚
1031 3618 1104 3678 quos
1119 3600 1157 3660 ob
1173 3600 1308 3680 quesitas
1323 3598 1455 3677 cupidius
1470 3615 1542 3676 opes

264 3708 393 3763 extreme
416 3703 625 3763 condemnasse
649 3701 828 3763 videbamini.

326 3823 522 3866 rrnnucrsovs.
561 3801 651 3863 itiiiu'
681 3822 749 3863 sero
771 3821 925 3883 superesse
953 3804 1059 3884 quibus
1087 3821 1147 3882 pree
1177 3804 1223 3864 aiii
1245 3803 1399 3883 praedones
1421 3821 1478 3862 non
1502 3803 1542 3861 vi·

264 3905 421 3966 derentur?

327 4027 500 4069 usncnroe.
539 4006 653 4075 Dixisti,
677 4014 705 4066 ct
725 4008 782 4066 iam
805 4027 870 4068 esse
892 4009 1028 4068 ostendis.
1552 4037 1578 4075 35

328 4127 525 4171 rrauorscvs.
563 4107 654 4186 Igitur
676 4109 704 4167 in
727 4108 783 4168 hoc
805 4111 961 4188 nequiores
982 4109 1064 4169 vobis
1093 4116 1161 4168 sunt
1192 4109 1293 4169 invites
1321 4108 1364 4171 iii.
1400 4108 1476 4186 qood
1506 4126 1542 4166 ex

267 4212 396 4271 instituto
418 4210 528 4270 divitias
549 4227 616 4268 cum
638 4207 762 4270 debeant
784 4219 986 4280 contemnere,
1023 4210 1092 4270 solis
1120 4210 1165 4270 his
1192 4229 1245 4289 per
1274 4211 1317 4269 ias
1346 4218 1374 4270 et
1396 4209 1477 4269 nefas
1500 4211 1542 4269 iu·

268 4312 362 4377 hinist,
386 4311 561 4390 adsequutas
583 4312 611 4370 iu
634 4309 702 4370 luxu
726 4319 755 4372 et
776 4311 889 4373 lascivia
912 4313 1077 4391 prodigunt.

336 4530 481 4595 ⁴ogcntcs
499 4534 523 4579 2.
581 4530 730 4580 *Tandem
748 4536 771 4581 1.
832 4529 1095 4582 ¹‘coronulituredd
1148 4532 1168 4565 ¹⁹
1188 4531 1225 4598 et]
1244 4533 1299 4585 ic.
1319 4548 1415 4598 neque.
1468 4531 1491 4565 ²⁰
1510 4549 1544 4583 ea

270 4614 344 4681 totis]
369 4617 395 4664 in
414 4616 480 4665 solis
498 4617 556 4665 edd.
608 4614 675 4654 ΜΝ·
696 4617 820 4681 'Psnffem
839 4617 947 4667 insuete
966 4621 1017 4667 und
1034 4618 1179 4682 Bcpdeineo
1197 4617 1263 4667 St'nd
1279 4619 1348 4668 nirdt
1365 4635 1393 4668 co
1411 4618 1487 4682 deitip
1505 4624 1544 4668 ats

269 4704 306 4750 oie
323 4701 456 4751 scdeinen'.
