3382 5370
265 340 312 411 68
561 354 611 403 ΙΙΙ.
683 368 820 403 ursnvms
840 368 861 402 s.
882 368 963 402 svam.
1000 367 1147 402 arntoovs.
1167 351 1250 415 (tntu.)

221 540 223 545 ·
263 534 313 585 aut
334 523 457 603 poplites
479 525 520 583 tui
543 525 566 584 si
589 522 717 582 ollicinm
740 522 778 582 ibi
801 523 897 582 tatinus
919 523 990 583 scite
1014 522 1132 592 laniant,
1156 521 1375 599 cavendumque
1399 526 1430 578 nt
1451 519 1547 578 omma

263 629 320 686 sint
342 624 455 692 mollia,
491 623 635 702 perbacta
659 625 771 690 ornnia,
800 629 832 683 ut
859 641 933 700 opus
955 625 991 682 sit
1013 623 1097 683 docto
1120 623 1204 684 alieni
1228 622 1435 683 eonroediarnm
1457 620 1549 680 actori

265 746 384 806 operam
414 726 527 786 dedisse
550 744 583 784 ac
606 725 804 785 histrionicam
828 725 976 792 didicisse,
1012 744 1069 802 cqrrn
1097 726 1205 804 nequid
1232 728 1260 785 in
1288 722 1548 800 congennclatione

267 829 431 890 aberretur.
486 828 558 899 Quae
592 845 658 885 cum
693 827 844 886 sanissima
879 829 974 886 cirrania
1008 828 1078 895 sint,
1120 835 1216 887 tamen
1250 826 1408 906 plurimum
1442 826 1469 884 in
1506 823 1549 882 bis

197 932 323 995 §.radici
353 929 524 990 absumitur.
574 928 682 989 Deinde
711 929 906 1005 apparitiones
934 928 988 988 illae
1011 928 1110 1008 quales
1136 936 1203 989 sunt
1230 928 1345 1007 qnarnlo
1371 935 1446 986 totas
1471 943 1569 985 non-r.

266 1050 416 1111 nunquam
438 1049 488 1090 sex
511 1029 599 1090 bocas
621 1029 756 1089 standum
779 1037 823 1088 est
846 1048 903 1088 tarro
926 1031 1008 1107 qnasi
1030 1032 1058 1089 in
1090 1032 1222 1109 vestigio,
1252 1028 1367 1107 qnando
1390 1027 1448 1088 line
1471 1025 1547 1093 illuc,

265 1152 382 1196 sursum
405 1133 542 1193 deorsum
566 1131 816 1210 procurrendum,
839 1131 956 1209 quando
979 1133 1154 1209 equitantem
1178 1130 1257 1192 illum
1279 1129 1450 1209 perurbana
1468 1128 1550 1188 lassis

266 1239 314 1298 diu
338 1235 462 1315 pedibus
484 1236 566 1313 sequi
589 1240 718 1311 oport-ct,
751 1233 867 1310 qnando
890 1234 917 1292 in
942 1232 1095 1310 plurimam
1120 1233 1288 1312 becprenter
1310 1239 1424 1292 noctem
1449 1230 1548 1290 obser·

266 1338 378 1398 vairdus
401 1344 444 1397 est
466 1337 536 1396 dum
559 1354 573 1395 a
597 1334 727 1394 corrnirio
749 1333 864 1402 redeat,
889 1334 1005 1412 quando
1021 1336 1049 1393 in
1065 1342 1135 1395 aestu
1152 1354 1186 1394 aa
1201 1334 1310 1410 frigore
1326 1331 1550 1393 excubandum?

197 1449 257 1500 §.tt
269 1441 303 1500 lit
325 1452 392 1500 sunt
414 1438 547 1498 bourines
569 1438 617 1515 qui
640 1439 668 1497 in
692 1437 736 1496 bis
752 1437 889 1496 {altitunis
904 1440 988 1496 vitam
1005 1444 1122 1515 putent,
1147 1437 1194 1514 eqni
1211 1437 1239 1496 in
1254 1435 1312 1496 boo
1326 1433 1449 1495 volutari
1465 1450 1548 1493 carario
1560 1451 1583 1490 u

267 1540 371 1619 volupe
394 1538 549 1599 admodum
573 1538 680 1599 ducant
703 1546 732 1599 ct
754 1557 807 1616 pro
831 1536 940 1597 deliciis
962 1537 1089 1598 babeant
1110 1537 1173 1597 luae
1196 1538 1293 1598 lacere
1323 1537 1444 1616 haecque
1474 1536 1548 1613 pati:

265 1644 346 1722 ‹qrrasi
370 1639 478 1719 aliquid
500 1638 595 1698 acllrne
619 1641 732 1699 intersit
754 1641 830 1700 inter
852 1639 974 1700 aulicam
997 1641 1189 1718 captivitatem
1206 1647 1235 1700 et
1250 1657 1301 1699 eos
1316 1638 1365 1718 qni
1381 1635 1458 1697 bello
1474 1636 1549 1714 capti

265 1745 370 1805 'lurcis
398 1742 543 1808 serviunt,
573 1748 623 1801 ant
651 1743 753 1801 sarriri
783 1741 964 1820 principibus
992 1744 1063 1802 citra
1092 1742 1293 1801 assentationis
1321 1741 1419 1799 vitium
1443 1740 1547 1816 possit:

266 1864 331 1925 qua
353 1851 422 1904 sunt
444 1844 520 1904 enim
544 1844 595 1902 ista
620 1841 773 1921 panloante
795 1862 811 1902 n
834 1863 880 1903 me
904 1845 1096 1921 pertractata?
1127 1863 1191 1923 qma
1221 1842 1331 1903 etiarnsi
1353 1841 1389 1901 ad
1412 1841 1549 1901 amussim

267 1947 371 2025 exequi
393 1945 511 2006 studeas
533 1952 562 2005 et
583 1945 700 2005 allicere
723 1945 799 2023 qnod
824 1944 936 2023 placeat
957 1947 1087 2013 coneris,
1118 1954 1214 2005 tamen
1236 1945 1265 2004 in
1288 1943 1424 2021 ambiguo
1448 1949 1490 2002 est
1512 1959 1547 2000 an
1560 1967 1584 2006 is

268 2056 347 2109 taam
370 2046 417 2108 ille
439 2045 620 2108 sedulitatem
643 2053 783 2124 agnoscat
804 2054 854 2107 aut
876 2066 928 2126 per
951 2049 1075 2124 optimos
1097 2047 1162 2108 illos
1184 2049 1366 2106 courietores
1381 2064 1417 2106 an
1433 2043 1550 2124 plaeere

199 2167 259 2212 aro.
269 2149 321 2210 tibi
342 2149 436 2208 liceat.
481 2147 541 2209 Nec
564 2149 660 2208 minus
682 2148 775 2208 darida
799 2166 903 2226 opera,
931 2149 1039 2227 nequid
1066 2147 1151 2209 aulici
1177 2151 1222 2209 isti
1244 2167 1420 2209 susurrones
1441 2148 1550 2226 impro-

267 2250 351 2318 bent,
381 2268 467 2328 quam
497 2249 558 2326 ipse
587 2248 634 2309 ille
663 2249 771 2327 lnpiter
800 2257 867 2310 tuus
896 2268 933 2310 ire
956 2250 1094 2310 odernam
1118 2251 1287 2310 contrabat:
1317 2269 1384 2311 nam
1407 2249 1457 2310 nbi
1480 2251 1550 2310 assi-

267 2353 357 2413 duum
380 2358 408 2410 te
431 2349 541 2419 vident,
566 2358 597 2411 nt
619 2352 675 2410 iam
698 2352 877 2430 frequentari
899 2352 928 2410 in
951 2352 1091 2430 principis
1113 2351 1233 2412 auribus
1256 2353 1389 2430 irnipiaS,
1413 2353 1551 2412 meritum

267 2472 354 2514 omne
377 2459 457 2512 tuum
480 2452 625 2513 irrrertere
640 2453 773 2522 student,
797 2472 913 2531 gravem
931 2461 1067 2514 vocantes
1082 2473 1116 2514 ae
1131 2456 1343 2533 irrrportununn
1367 2461 1395 2513 ct
1410 2453 1433 2512 si
1449 2471 1586 2514 ascen-ao

269 2556 339 2615 clere
362 2553 636 2633 quantuliscumque
658 2554 797 2632 gradilins
825 2556 1114 2623 arridmadrerterint,
1145 2556 1296 2617 deiiciendi
1324 2555 1475 2615 consilinm
1504 2574 1551 2615 ca·

199 2658 360 2735 §.rapiunt
399 2674 523 2734 clerorum
545 2655 640 2716 studio
663 2657 769 2717 lactum
791 2665 849 2726 est,
872 2663 905 2717 ut
923 2657 999 2716 inter
1014 2656 1142 2717 abiectos
1157 2677 1235 2718 irritae
1250 2657 1431 2718 accumbam.
1467 2656 1551 2717 Certe

270 2761 346 2835 enim
363 2758 502 2818 Fortunae
524 2765 587 2817 rota
611 2765 667 2824 est,
691 2757 789 2825 Casta,
812 2759 842 2818 in
865 2758 920 2818 bac
943 2760 1012 2827 rita,
1037 2760 1065 2818 in
1088 2779 1144 2838 qna
1166 2761 1397 2839 quotusquisque
1412 2760 1436 2818 si
1451 2777 1551 2818 ascen-

268 2861 343 2922 derit
365 2862 466 2929 etiarn,
491 2860 539 2919 diu
564 2860 722 2919 consistere
744 2864 860 2937 potcst‘t
883 2868 911 2920 et
933 2862 996 2940 quis
1020 2869 1117 2939 posset
1133 2860 1189 2920 illic
1206 2863 1379 2928 consistere,
1404 2859 1454 2920 nbi
1469 2863 1552 2921 vicis·

268 2963 322 3022 sim
346 2962 441 3021 omnia
466 2961 551 3030 tinnt,
585 2969 617 3021 nt
645 2962 694 3039 qni
723 2980 800 3022 nnnc
829 2962 968 3024 sublimes
996 2971 1064 3023 siant
1092 2982 1193 3023 rursus
1221 2962 1413 3031 decumbant,
1447 2969 1475 3022 et
1503 2965 1586 3043 quiea

268 3062 355 3142 paulo
378 3062 706 3145 antedcprimebantnr
728 3083 806 3125 irrina
828 3084 942 3125 surnmo
966 3067 992 3125 in
1017 3065 1089 3124 nrlre
1112 3065 1308 3142 conspiciendi
1331 3066 1491 3132 emineant,
1521 3073 1553 3125 ut

270 3161 346 3226 alius
365 3164 451 3224 alium
476 3162 615 3241 impellat,
639 3172 669 3224 ut
693 3173 774 3225 tuum
797 3164 878 3226 illum
900 3167 1035 3229 aernrrlum
1059 3167 1151 3245 siquid
1176 3167 1226 3226 tibi
1248 3185 1390 3246 prospere
1412 3167 1552 3233 succedit,

271 3273 345 3327 urat.
390 3265 449 3325 lam
473 3266 502 3325 in
524 3265 571 3326 illa
595 3284 700 3344 pnrnpa
731 3286 795 3345 qna
825 3269 926 3328 imidia
956 3276 1012 3335 est,
1042 3269 1106 3347 quis
1134 3287 1191 3346 qno
1218 3267 1283 3329 laren
1313 3268 1459 3330 ambulet?
1488 3287 1553 3347 quae

203 3367 411 3428 §.assentiant
448 3367 556 3428 lleinde
585 3366 785 3445 praelibatores
813 3371 859 3429 oni
888 3368 963 3429 malo
991 3379 1141 3447 exponunt
1168 3389 1213 3439 sc,
1243 3373 1418 3449 qrraeceptnri
1444 3372 1467 3431 si
1496 3390 1552 3450 qua

270 3469 311 3530 illi
334 3469 452 3529 domiuo
475 3488 553 3529 urors
575 3469 716 3530 destinata
740 3478 791 3530 est.
837 3471 929 3550 Atque
951 3471 1023 3530 adeo
1046 3488 1083 3531 uc
1106 3472 1174 3551 qnid
1197 3479 1306 3541 tutum,
1330 3491 1366 3533 ne
1389 3473 1458 3552 quid
1473 3475 1509 3534 sit
1523 3475 1588 3533 inan

341 3741 501 3793 ¹.Cnuend
519 3743 553 3792 II.
607 3740 813 3791 ³bistrouieam
835 3746 875 3792 13.
929 3741 1065 3793 dedicisse
1084 3750 1108 3794 5.
1161 3742 1191 3776 ³⁴
1210 3745 1550 3810 congenudationeomnca

272 3827 319 3878 nec
336 3844 405 3879 corr.
420 3829 455 3877 ΙΙ.
479 3834 560 3876 toraca
580 3827 604 3876 el
622 3831 674 3876 stne
691 3825 701 3874 l
717 3842 767 3889 pro
785 3830 834 3875 asta
852 3826 868 3876 d
885 3830 1019 3891 scripsisse
1042 3835 1168 3879 auctorent
1191 3836 1264 3893 peto.
1289 3846 1344 3878 nam
1367 3829 1552 3893 congenulnre

273 3922 298 3963 et
318 3910 521 3977 congenuelare
539 3913 609 3975 apud
621 3912 686 3960 Non.
701 3911 785 3960 Meae.
798 3928 825 3974 p.
838 3911 879 3960 57.
892 3909 933 3960 81).
947 3919 985 3961 est
1004 3928 1075 3977 genn
1088 3913 1222 3978 replicato
1235 3913 1342 3964 cadere.
1362 3907 1553 3979 προςκύνησιν

273 3999 398 4063 siqna‘ficnt
416 3997 551 4046 Iluttenna.
621 3993 791 4059 ᾗ(1101)(Ιίοἰ
811 3999 853 4046 13.
922 3997 1124 4062 Apparitiones.
1148 4003 1265 4064 morpd.
1296 3999 1491 4064 apparationes
1510 4003 1553 4049 13.

275 4082 349 4131 ⁶din
367 4076 493 4146 pedibus]
517 4079 613 4128 diebus
631 4085 655 4129 5.
674 4081 792 4129 ceredi.
864 4080 884 4113 ¹⁰
903 4081 1022 4131 erumnis
1040 4085 1110 4132 1...s.
1129 4090 1177 4132 etc.
1252 4082 1270 4114 ¹¹
1290 4084 1394 4133 delitiis
1414 4087 1487 4133 1...1.
1505 4091 1554 4133 cte.

277 4164 423 4227 ¹².Qnasi
442 4165 478 4213 II.
543 4162 563 4195 ¹³
582 4164 682 4213 rislum
701 4168 758 4214 1.1.
824 4163 844 4196 ¹⁴
863 4166 952 4228 ,Quae
970 4167 1006 4215 II.
1071 4166 1159 4232 aad]
1179 4169 1232 4230 Qui
1250 4169 1367 4218 Hntteni
1385 4169 1470 4218 vitam
1488 4171 1554 4218 seri·

276 4255 403 4315 parentat,
421 4248 493 4297 hune
512 4247 602 4297 locum
620 4249 777 4309 enn1§.81.
796 4266 850 4299 non
868 4250 1016 4316 neglegere
1035 4251 1182 4302 debebant.
1240 4250 1260 4283 ¹²
1278 4253 1442 4304 Susurroncs
1461 4254 1554 4305 aulici.

276 4338 394 4398 marpa.
459 4331 478 4364 '³¹
497 4331 544 4382 ille
562 4335 631 4383 omis.
644 4336 686 4394 13,
744 4335 813 4384 Nam
831 4335 877 4385 vbi
896 4336 932 4385 H.
963 4336 1017 4397 Qui
1035 4337 1059 4385 si
1076 4338 1135 4386 edd.
1164 4337 1233 4387 Nam
1252 4338 1299 4386 ubi
1317 4338 1341 4388 si
1359 4341 1415 4389 13.!
1478 4340 1555 4391 ¹”ri-

278 4418 363 4468 deant
379 4419 438 4467 edd.
462 4414 549 4479 (etiam
567 4418 622 4479 13.)
652 4419 746 4468 rident
765 4420 799 4468 ΙΙ.
863 4416 885 4451 ¹⁰
903 4421 1044 4471 invertunt
1066 4422 1124 4473 edd.
1155 4423 1293 4472 inuertere
1315 4423 1427 4473 student
1446 4425 1480 4474 ΙΙ.
1533 4426 1557 4474 si

279 4503 314 4553 H.
329 4503 615 4567 attenderimus).
662 4504 685 4564 ξ.
700 4502 754 4569 ib]
772 4506 858 4566 Quasi
876 4506 1041 4570 principium
1058 4505 1163 4571 dialogi
1181 4508 1302 4557 Fortuna
1320 4508 1370 4557 hoc
1391 4515 1441 4559 est.
1487 4507 1508 4541 ²¹
1520 4511 1557 4560 Et

280 4589 340 4654 quis
359 4594 452 4654 posset
469 4587 527 4637 illie
547 4589 712 4652 consistere,
731 4589 777 4638 nbi
796 4590 832 4638 11.
863 4590 941 4651 Qirod
959 4592 1016 4640 edd.
1037 4589 1106 4654 (illis
1122 4607 1171 4655 pro
1190 4591 1248 4641 illie
1266 4594 1324 4642 deci.
1340 4592 1396 4657 13.)
1443 4592 1465 4625 ²⁹
1483 4595 1556 4645 Proe·

280 4675 436 4736 gustatores
453 4672 616 4737 principum.
640 4690 718 4740 nrnrp.
731 4679 755 4724 5.
814 4673 836 4706 ³⁰
854 4680 906 4724 est.
920 4676 956 4725 11.
975 4675 1019 4725 sit.
1033 4677 1092 4725 edd.
