3382 5370
270 331 343 401 378
506 346 554 396 xi.
624 362 783 398 cannones.
853 363 990 397 oiarsonis
1011 363 1194 398 nvrrsrucvs.
1220 346 1303 412 (istu.)

331 535 531 580 rnnucrscvs.
570 516 648 578 Finis
670 524 741 578 esto.

331 639 506 682 ucncs‘rou.
545 619 581 679 Et
601 620 712 680 iirmari
735 623 810 680 inter
832 638 887 680 nos
908 621 999 698 gratia
1022 621 1138 698 potest?

331 741 530 785 rnuscrscvs.
569 721 724 782 Firmetur.

200 842 260 893 cus.
332 844 509 886 necarere.
546 824 582 883 Et
603 824 645 883 sic
666 823 737 884 libet
758 823 934 885 concludere
955 843 1121 885 sermonem
1138 825 1231 893 hrrnc,
1254 833 1287 886 ut
1300 828 1324 886 si
1339 831 1463 903 uterque
1477 824 1551 885 ordo

268 935 433 989 constanter
457 929 485 986 iu
507 926 604 987 obicio
627 934 756 995 maneat,
780 925 893 987 nobiles
914 927 977 987 sitis
998 944 1049 986 ros
1071 946 1105 987 ac
1127 929 1276 1005 generosi,
1299 945 1353 986 nos
1375 929 1437 987 tieri
1457 928 1574 1006 possi-⁵

267 1048 345 1091 mus:
368 1028 438 1090 nihii
462 1035 603 1106 preterea
625 1029 756 1088 intersit?

328 1149 526 1194 rnancrscns.
565 1129 607 1189 ita
630 1148 753 1190 censeo:
777 1147 844 1189 nam
866 1137 896 1189 ct
917 1138 1016 1191 nostra
1040 1131 1125 1191 uobis
1147 1132 1224 1192 initia
1248 1114 1376 1192 ficerunt.

329 1254 504 1295 unucuron.
542 1231 633 1302 Quale
656 1238 733 1293 esset
754 1231 810 1291 hoc
832 1238 944 1299 autem,
967 1234 991 1293 si
1013 1231 1073 1292 tolli
1096 1253 1111 1291 e
1135 1233 1232 1293 medio
1247 1232 1407 1293 simultates
1422 1239 1550 1310 possent,

266 1355 332 1418 quie
353 1355 407 1397 nos
428 1336 570 1396 dirimunt
592 1334 804 1395 conummiter?

329 1458 529 1501 consensere.
566 1437 661 1497 Credo
683 1455 786 1515 posse:
815 1455 883 1496 uam
909 1455 964 1515 ego
993 1437 1110 1515 quidem
1139 1438 1168 1497 id
1198 1437 1354 1516 aliquando
1382 1437 1479 1498 iacere
1501 1454 1550 1496 co·
1563 1446 1587 1485 ¹⁰

265 1539 404 1626 {qqtfflgr
427 1544 433 1612 Ι
456 1541 516 1618 gito
539 1558 597 1618 quo
620 1540 673 1599 iste
695 1557 742 1599 me
765 1539 909 1599 iiuttenus
931 1537 1032 1599 sedulo
1055 1540 1186 1616 instigat,
1219 1546 1253 1599 ut
1280 1545 1421 1618 quantum
1450 1540 1479 1598 in
1503 1556 1550 1598 me

266 1646 319 1712 sit,
348 1643 454 1704 author
476 1644 542 1702 tiam
565 1641 660 1701 ordini
683 1648 783 1700 nostro
806 1647 956 1719 perpetuae
978 1641 1187 1718 componendo
1211 1660 1277 1702 cum
1299 1641 1401 1702 liberis
1429 1642 1549 1701 enitati-

267 1745 323 1807 bus
344 1746 453 1824 gratio.

199 1855 258 1906 ιω.
330 1866 506 1909 tuscanos.
544 1844 627 1914 Qirod
651 1853 680 1905 tu
704 1846 813 1906 utinam
836 1845 958 1924 incipias
980 1846 1205 1925 quamprimum,
1229 1853 1258 1906 et
1279 1847 1428 1924 inceptum
1451 1863 1550 1924 perse·

267 1951 366 2030 quaeis
388 1949 633 2017 constantissime,
658 1955 743 2026 teque
766 1946 905 2007 obfirmes
927 1946 975 2007 ibi.
1559 1959 1585 1998 ¹⁶

328 2070 528 2114 ruaucrscvs.
566 2049 652 2110 Certe
673 2049 808 2109 meditor.

328 2173 501 2216 urrrrsvs.
539 2151 629 2213 iubeo
651 2169 771 2230 sperare
793 2159 835 2219 te,
860 2151 954 2211 saciet.

328 2276 503 2317 neccarum
542 2255 663 2314 Gratum
686 2253 787 2314 audio:
817 2271 884 2313 uam
908 2253 1007 2314 videre
1028 2254 1128 2315 videor
1149 2272 1215 2333 qum
1237 2254 1306 2313 huic
1327 2253 1403 2314 bona
1427 2254 1550 2314 Germa-

266 2360 320 2419 nice
342 2375 496 2419 accessura
519 2358 590 2423 siut,
614 2373 699 2435 qnam
723 2362 806 2415 ancta
829 2373 976 2433 (puramque
997 2356 1107 2415 floreus
1129 2375 1177 2424 ea,
1201 2357 1225 2415 si
1248 2357 1396 2434 contingat
1411 2357 1481 2424 hoc,
1505 2356 1549 2415 fu·

263 2468 329 2521 tura
354 2462 400 2520 sit.
1558 2471 1585 2510 ec

328 2580 527 2624 rnaucrscvs.
566 2562 659 2639 Atque
682 2580 736 2638 ego
759 2560 859 2627 video,
889 2558 927 2618 oh
950 2560 1037 2639 idque
1059 2560 1188 2621 studium
1210 2559 1279 2619 mihi
1307 2559 1478 2637 iampridem
1505 2560 1549 2618 in-

266 2666 352 2726 cessit
366 2662 460 2742 siquid
483 2663 604 2723 consilio
627 2664 736 2740 [cossim
759 2669 788 2721 et
809 2662 1021 2730 exhortatione,
1046 2661 1088 2721 vei
1109 2662 1283 2722 aucthoritate
1299 2664 1402 2731 etiam,
1426 2679 1549 2721 concor·

268 2768 344 2829 diam
366 2767 442 2827 lianc
464 2765 629 2825 inducendi.
674 2764 731 2824 Sed
754 2763 826 2823 aiios
847 2782 1060 2842 persequamur
1082 2764 1243 2841 praedones.

198 2876 216 2926 t·
225 2872 260 2916 ⁶⁸·
332 2888 508 2930 neccarum
546 2866 594 2927 Sic
622 2865 755 2926 cicietur:
789 2873 818 2924 et
846 2867 895 2944 qui
923 2872 991 2925 sunt
1024 2869 1109 2926 tertio
1141 2866 1207 2926 loeo
1239 2867 1289 2944 qui
1321 2866 1490 2944 precanum
1519 2867 1548 2925 in

266 2971 440 3033 Germania?
1558 2981 1584 3019 u

265 3070 464 3156 &5¹¹qu
528 3088 727 3132 rnsncrscvs.
766 3068 878 3128 Scriiine
899 3076 967 3129 scirit
994 3077 1022 3129 et
1044 3069 1250 3139 iureconsulti,
1285 3088 1320 3129 eo
1352 3072 1467 3149 utrique
1496 3088 1548 3129 uo·

266 3174 412 3235 cautiores
434 3190 492 3251 quo
514 3170 600 3232 iatius
622 3190 726 3231 eorum
747 3179 827 3250 patet
848 3173 967 3250 rapina:
990 3191 1056 3233 nam
1079 3171 1190 3250 ubique
1211 3180 1293 3242 sunt,
1316 3190 1411 3250 neque
1427 3189 1548 3249 nsquam

266 3294 325 3336 oon
348 3274 532 3354 praedantur,
554 3274 584 3334 in
606 3275 771 3353 principum
795 3272 882 3343 acriis,
912 3277 941 3334 in
964 3275 1108 3334 civitatum
1131 3274 1280 3335 senatibus
1302 3285 1331 3333 et
1352 3274 1491 3341 decuriis,
1519 3275 1548 3333 in

267 3376 392 3458 publicis
414 3375 606 3438 conventibus
628 3383 657 3436 et
679 3377 798 3455 privatis
821 3375 1096 3444 constritationibus,
1119 3375 1244 3445 inilidae,
1268 3375 1361 3442 domi.
1385 3377 1413 3434 in
1429 3374 1505 3435 beiio
1521 3383 1546 3433 et

265 3481 295 3541 in
318 3498 405 3559 pace;
439 3479 566 3557 deniqne
588 3496 688 3539 rerum
711 3479 803 3555 capitu
827 3484 896 3538 sum
918 3477 962 3545 hi,
992 3476 1195 3555 tradunturque
1223 3486 1255 3537 ut
1283 3479 1377 3555 promi
1404 3485 1434 3537 ct
1462 3477 1582 3537 condio

266 3581 362 3659 degum
386 3600 420 3641 ac
442 3581 529 3647 iuris,
553 3599 648 3658 oeque
670 3581 732 3640 siue
755 3580 801 3640 his
822 3580 995 3657 gubernatio
1019 3588 1070 3638 est.
1109 3581 1288 3640 constituunt
1308 3587 1405 3640 autem
1427 3579 1547 3658 imperia

267 3685 337 3762 ipsi,
361 3690 390 3743 et
412 3682 558 3742 mutandis
579 3699 679 3742 rerirm
702 3681 838 3750 statibus,
862 3700 928 3741 eum
952 3681 1066 3750 roirrnt,
1089 3682 1227 3742 authores
1248 3683 1329 3742 tiuut.

196 3781 391 3860 !·t”·¹,⁵,⁶;‚¹3,⁸f„‘,¹⁸'
414 3797 420 3868 q
485 3803 657 3845 necessus.
694 3783 826 3853 Quorum
849 3784 952 3843 scribae
973 3791 1066 3843 totum
1090 3783 1230 3861 regebant
1250 3782 1473 3843 bianiruiiianum
1495 3800 1547 3842 no·

265 3885 325 3954 bis,
350 3885 462 3965 setique
484 3886 560 3963 aliud
584 3904 650 3946 eum
673 3893 807 3963 potentes
829 3893 913 3945 eraut
935 3893 963 3946 et
985 3885 1180 3946 abutebantur
1202 3884 1323 3963 simplici
1347 3886 1493 3963 principe,
1516 3892 1546 3943 ut

265 3986 409 4047 roleimot.
447 4006 545 4067 aquo
567 3987 705 4066 quicquid
728 3989 818 4063 gratis
840 3987 1049 4066 impetrabant,
1083 3986 1146 4046 aliis
1172 3988 1227 4065 ipsi
1255 4003 1309 4065 pro
1331 3989 1453 4064 pecunia
1477 4004 1580 4046 ven-cs

194 4089 388 4156 §.uneheim
421 4097 508 4168 atque
530 4089 635 4149 iioriun
659 4096 721 4150 erat
744 4086 819 4148 iilius
840 4090 978 4168 pecunia,
1013 4108 1080 4149 nam
1102 4089 1192 4168 ipsius
1221 4107 1278 4148 nou
1306 4096 1377 4149 erat.
1422 4108 1487 4168 epum
1509 4090 1546 4149 si·

266 4191 382 4270 quando
405 4193 490 4252 ctiam
514 4191 679 4251 necessario
707 4190 801 4250 danda
830 4197 892 4252 erat
914 4192 948 4251 iis
976 4190 1081 4270 quibus
1111 4190 1287 4259 debehatur,
1316 4199 1413 4251 tanmu
1443 4189 1546 4251 scribis

263 4290 382 4369 {tffissfflffi
404 4285 411 4356 Ι
433 4291 538 4355 iieehat
560 4294 729 4370 precipere.
775 4294 860 4353 ctiam
884 4292 957 4353 heila
981 4312 1048 4353 cum
1070 4292 1191 4370 gerebat
1213 4299 1446 4371 quantacumque
1468 4292 1544 4351 diiii·

263 4392 385 4463 cultate,
409 4394 454 4455 his
475 4394 580 4463 dabat,
603 4392 741 4455 militibus
763 4413 823 4454 non
845 4395 951 4463 dahat;
974 4394 1196 4472 patiebaturque
1213 4394 1282 4455 (iiim
1298 4395 1475 4454 satisfaceret
1491 4393 1545 4453 im·

330 4579 341 4611 ⁵
359 4588 470 4632 manent
487 4584 546 4632 edd.
598 4581 608 4613 ²
626 4584 674 4632 Ais
692 4582 776 4631 Actum
792 4581 856 4646 prud
874 4583 926 4631 read
933 4582 988 4631 Eun
1005 4598 1099 4646 apaan,
1125 4583 1189 4632 Wer·
1207 4598 1261 4630 ruera·
1278 4583 1312 4630 de
1329 4583 1377 4631 dei·
1395 4582 1544 4631 edelmunn?

259 4667 282 4701 ¹⁸
301 4667 471 4733 Principium
489 4671 512 4716 1.
566 4664 588 4700 ³⁸
606 4664 716 4732 [inpiici
735 4669 758 4716 1.
