3382 5370
73 725 285 789 inscriptionem
303 726 426 776 dedimus
445 734 475 776 nt
493 728 552 792 ipse
571 728 710 776 Hutteuus
728 724 827 775 deletae
845 726 965 790 priorum
989 725 1171 789 exemplorum
1196 740 1285 774 exem·

4 809 77 875 plari
95 812 248 861 Parisicusi
272 811 342 876 quod
367 829 392 860 a.
408 810 481 861 rulo.
499 811 640 876 prodierat
661 810 797 876 hodieque
822 810 895 860 iuter
917 810 1001 860 libros
1024 809 1183 875 reipublicae
1206 808 1285 858 Turi·

4 896 96 945 censis
114 896 277 945 adservatur
294 896 413 959 (Iudicis
430 896 557 960 bibliogr.
576 911 649 945 num.
662 896 747 945 XVII.
762 896 812 959 5.),
832 896 996 962 adscripsit,
1015 896 1068 945 nisi
1088 895 1158 960 quod
1171 895 1237 961 Equ.
1257 899 1286 943 et

5 981 106 1044 Dialop:
125 980 249 1031 omuibus
267 982 324 1030 auis
342 980 444 1031 litteris
463 981 643 1031 exhibuimus.

73 1066 114 1115 De
133 1065 264 1130 exemplis
283 1066 317 1115 ad
336 1067 407 1116 hanc
426 1067 574 1117 editionem
592 1066 744 1131 parandam
764 1067 792 1115 in
810 1066 960 1116 subsidium
984 1067 1091 1116 voeatis
1115 1065 1188 1115 conl.
1212 1064 1285 1115 Indi-

5 1166 65 1199 cem
83 1167 109 1200 n.
124 1152 209 1200 XVII.
245 1167 298 1200 non
318 1152 421 1201 contuli
439 1155 510 1202 6...8.
530 1155 571 1201 11.
590 1167 678 1216 neque
697 1150 731 1201 ad
749 1153 900 1216 marginem
919 1166 936 1200 a
954 1153 1037 1201 Petro
1048 1152 1220 1200 Hardesiauo
1238 1149 1284 1199 ad-

4 1235 108 1300 scripta
126 1235 256 1285 lemmata
274 1236 469 1302 exemplarium
487 1241 512 1285 9.
526 1240 566 1287 10.
585 1236 769 1286 transcribere
788 1237 874 1285 visum
894 1242 945 1286 est.
980 1237 1096 1285 Hutteni
1115 1251 1236 1290 manum.
1255 1238 1286 1282 ut

5 1320 40 1369 ab
54 1321 113 1384 ipso
126 1321 250 1387 exemplo
263 1327 287 1371 5.
302 1321 500 1386 distinguatur,
516 1323 545 1370 II
554 1322 648 1370 littera
662 1321 689 1369 iu
703 1321 882 1370 adnotatione
895 1320 1090 1387 significamus.
1120 1320 1163 1383 (lu
1181 1336 1214 1369 eo
1226 1318 1285 1369 solo

4 1405 127 1454 Hutteuo
146 1405 333 1455 obsecundare
352 1405 439 1467 nolui,
460 1412 490 1455 ut
508 1406 609 1470 ubique
628 1412 731 1471 puncta
749 1405 927 1470 initialeaque
946 1405 1056 1456 litteras
1073 1421 1202 1471 ponerem
1221 1419 1284 1469 quo-

4 1576 67 1638 giue
87 1575 226 1624 iussisset:
246 1577 324 1640 posui
343 1582 435 1625 tamen
454 1576 532 1641 plura
551 1576 641 1625 fateor
659 1591 740 1640 quam
758 1577 781 1624 si
796 1592 856 1625 mea
870 1576 975 1626 edenda
988 1577 1106 1625 luissent
1118 1578 1285 1641 posuissem:

4 1660 204 1725 inpedimento,
225 1675 278 1709 non
297 1661 437 1710 commodo
455 1662 587 1710 lectorum
606 1663 756 1710 Huttenum
774 1667 885 1710 secutus
903 1677 1003 1720 essem,
1024 1676 1103 1725 quem
1120 1661 1208 1727 ipsum
1226 1661 1286 1709 eius
1304 1641 1313 1654 ⁸

4 1744 75 1794 modi
93 1760 266 1809 supcrvunea
283 1746 364 1809 signa
382 1746 406 1795 si
424 1762 474 1795 aua
492 1746 597 1811 scripta
614 1760 685 1794 nunc
698 1745 807 1806 ederet,
827 1746 988 1795 omissurum
1001 1761 1061 1795 esse
1075 1746 1189 1795 confido.
1217 1745 1285 1806 Quae

2 1829 149 1879 Miiuchius
167 1829 200 1878 de
219 1831 334 1880 Hutteni
360 1830 597 1880 emendationibus
620 1829 743 1895 exemplo
761 1835 786 1880 5.
806 1831 954 1896 adscriptis
972 1830 1092 1890 rettulit,
1117 1844 1178 1878 eum
1196 1844 1285 1893 neque

4 1913 128 1979 integras
146 1930 233 1979 neque
253 1915 384 1965 adcurate
402 1917 452 1966 aed
470 1922 573 1966 temere
592 1931 625 1964 ao
644 1916 703 1964 siue
722 1920 800 1965 certa
817 1915 869 1964 tide
888 1914 1039 1974 rettulerit,
1064 1914 1174 1963 omniuo
1192 1915 1285 1978 sperni

3 2000 153 2063 poterant.)
189 1999 264 2049 Idem
283 2000 413 2050 librorum
432 2000 527 2061 iudea,
552 2001 575 2051 ai
595 2016 739 2066 quamnam
757 2000 965 2066 inscriptionem
989 2000 1065 2050 edita
1088 1999 1214 2065 exempla
1237 1998 1285 2049 ha-

1 2082 88 2133 beant
105 2099 184 2134 nosse
202 2084 285 2146 velis,
310 2086 451 2136 adeundus
470 2091 520 2137 est.

69 2272 186 2321 Hutteni
205 2271 240 2322 ad
258 2273 426 2322 Henriehum
444 2273 609 2324 Stramerum
628 2274 756 2338 praefatio
776 2277 804 2322 ct
821 2272 933 2321 loannis
951 2271 1082 2321 Frobenii
1100 2272 1135 2322 ad
1153 2272 1285 2322 Thomam

1 2357 106 2406 Morum
129 2355 223 2405 Idibus
245 2357 443 2408 Nouembribus
467 2375 493 2408 a.
513 2358 586 2408 1518.
610 2359 715 2422 scripta
738 2356 857 2421 epistula
884 2371 932 2405 suo
962 2372 1075 2421 quaeque
1099 2357 1160 2406 loeo
1188 2356 1241 2406 vol.
1261 2358 1284 2407 1.

2 2442 79 2491 editu
97 2446 147 2491 est.
182 2458 208 2507 p.
221 2441 280 2490 ²17.
293 2458 351 2507 sqq.
369 2441 428 2491 2¹20.
441 2459 480 2508 oq.
522 2444 645 2492 Exeunte
665 2456 757 2491 mense
775 2440 897 2505 Augusto
915 2441 986 2491 hunc
1005 2441 1143 2507 dialogum
1167 2441 1284 2491 nondum

1 2526 171 2592 publicatum
191 2525 275 2575 luisse
303 2528 424 2577 ostendit
442 2527 575 2594 Spiogelii
599 2527 634 2576 ad
652 2528 793 2576 Erasmum
811 2526 873 2575 Rot.
897 2526 985 2591 pridie
1003 2524 1143 2575 Kalendas
1162 2526 1285 2590 Septem·

8 2627 65 2662 ares
83 2627 108 2661 a.
125 2610 197 2661 1518.
217 2611 322 2676 scripta
341 2612 474 2677 epistula,
494 2627 573 2677 quam
592 2611 645 2661 vol.
660 2612 682 2660 1.
701 2612 774 2660 iuter
789 2611 922 2661 LXXXV.
943 2617 971 2662 et
988 2610 1134 2661 LXXXVI.
1155 2610 1285 2661 exhibere

1 2697 183 2758 debebamus,
203 2697 243 2746 ibi
261 2712 326 2746 vero
344 2697 472 2747 omissam
491 2713 561 2746 nuuc
580 2697 655 2746 insru
671 2701 736 2761 apto
750 2696 840 2761 aliquo
851 2695 913 2747 loco
927 2696 1104 2761 repetendam
1118 2697 1285 2746 curabimus.

68 2969 109 3018 Ad
127 2969 200 3020 hune
218 2967 356 3035 dialogum
374 2969 492 3018 Hutteni
511 2969 628 3018 Luciani
647 2969 813 3019 declamatio
832 2985 891 3033 quae
914 2975 945 3018 ut
968 2969 1039 3033 apud
1056 2985 1105 3019 nos
1130 2969 1196 3032 (uisi
1215 2968 1285 3034 quod

13 3053 111 3102 'ebrim
124 3053 145 3102 1.
160 3053 384 3119 interposuimus)
408 3054 586 3103 Hutteuicum
605 3053 804 3104 Phalarismum
822 3053 967 3115 Misaulua,
992 3055 1032 3103 ita
1056 3056 1083 3104 in
1102 3055 1220 3105 Luciani
1239 3072 1284 3104 ex·

1 3138 99 3204 emplis
117 3137 275 3201 Tyrannum
293 3139 428 3202 sequitur,
453 3155 469 3187 a
486 3139 623 3188 Frobenio
642 3140 696 3188 iam
715 3137 905 3188 commendata
920 3138 1072 3188 lectoribus
1090 3134 1162 3202 Περὶ
1180 3138 1237 3189 τῶν
1254 3129 1286 3188 ἓν

21 3221 102 3290 ισθρ
114 3218 269 3281 συνόντων,
290 3227 318 3272 et
330 3225 431 3273 Aeneae
444 3222 531 3286 Sylvii
544 3223 653 3273 libellus
672 3224 699 3272 in
718 3223 813 3273 Iudice
831 3229 924 3273 nostro
942 3239 967 3272 u.
981 3222 1068 3273 XVII.
1088 3225 1116 3272 iu
1135 3224 1154 3273 ι’,
1168 3224 1284 3274 adcura-

13 3309 56 3358 iua
74 3307 229 3372 descriptus
246 3308 354 3358 utiliter
378 3309 609 3374 conparabuutur.
644 3325 677 3358 ex
700 3308 749 3358 illa
773 3308 881 3373 quidem
906 3312 991 3357 totum
1009 3307 1121 3357 Misauli
1144 3309 1284 3358 scribendi

20 3409 87 3444 enus
106 3398 134 3442 el
153 3393 232 3456 quasi
255 3392 417 3458 adparatus,
446 3410 480 3443 ex
502 3394 554 3444 hoc
577 3394 663 3458 ipsius
686 3392 902 3442 adumbrationis
924 3407 978 3441 nou
1001 3391 1083 3442 nullm
1106 3400 1200 3458 partes
1224 3409 1285 3458 quaa

0 3477 93 3535 paullo
113 3478 265 3542 apertiores
284 3494 317 3527 ac
337 3478 395 3527 t'erc
419 3479 569 3527 crassiores
588 3493 668 3542 quam
686 3479 868 3527 recentiorum
886 3493 988 3526 morum
1012 3476 1161 3542 elegantias
1183 3479 1283 3539 ierant,

0 3562 134 3613 mollioris
158 3562 238 3612 huius
261 3563 354 3612 aetatis
375 3563 530 3612 homiuibus
554 3562 640 3611 videri
658 3563 776 3626 possint,
805 3561 970 3611 commodius
993 3561 1150 3626 rectiusque
1174 3562 1284 3612 intelle-

19 3652 107 3697 entur.
143 3647 184 3696 Ex
202 3645 324 3705 Athenai
343 3647 576 3712 deipnosophistia
595 3647 738 3711 (imprimis
751 3646 796 3695 VI.
810 3646 852 3696 27.
865 3645 934 3710 sqq.)
953 3644 1051 3704 multa,
1071 3651 1101 3694 ut
1120 3646 1154 3695 ad
1168 3646 1283 3713 exempl.

7 3749 24 3781 ¹.
44 3731 175 3781 nonnulla
187 3726 338 3798 supplevit,
358 3738 526 3797 sumpturum
539 3733 625 3783 scrisse
644 3737 796 3789 auctorem,
816 3732 840 3781 si
859 3746 910 3795 quo
924 3736 1044 3795 tempore
1057 3730 1204 3781 illisaulum
1217 3733 1284 3782 seri·

5 3819 67 3877 ait,
96 3817 255 3867 adcuratius
279 3818 417 3882 cognitum
441 3817 593 3879 habuisset,
613 3816 681 3866 mihi
699 3815 761 3864 dum
778 3814 875 3864 librum
900 3830 1031 3865 recenseo
1053 3831 1213 3881 persuasum
1233 3824 1284 3869 est.

0 3903 84 3952 oiror
107 3904 192 3953 etiam
215 3907 272 3951 tum
289 3901 432 3950 Plutarchi
455 3902 677 3951 commentarium
701 3902 740 3948 Ile
761 3901 828 3949 adul.
854 3898 883 3960 (i.
903 3916 927 3951 e.
946 3900 1084 3961 Quomodo
1103 3900 1231 3951 adulator
1249 3902 1284 3951 ab

3 3988 90 4038 mico
109 3987 259 4038 internosci
278 3985 375 4050 possit)
399 3991 455 4034 tum
474 3987 591 4034 Luciaui
614 3986 647 4035 de
671 3985 793 4049 parasito
816 3983 953 4050 dialogum
977 3985 1022 4035 vix
1046 3985 1198 4035 adhibitum
1223 4002 1284 4037 esse

3 4069 34 4118 :b
53 4073 186 4122 Hutteno.
