3382 5370
193 390 309 426 orauoor
328 391 435 426 sarasar
453 391 571 427 assuras
589 391 715 427 canoros.
735 373 781 443 [1.]
799 392 1025 428 concrematuros
1043 392 1305 431 ruaouoerersnvu.
1353 365 1425 434 577

143 550 266 607 vertent?
297 559 325 607 cl
354 559 418 607 lianc
440 551 537 607 docter
560 553 688 613 Sinicius.
719 561 747 607 et
769 550 930 626 Capreolus.
958 552 1112 614 horendus.
1144 552 1262 609 llerrens
1284 561 1311 608 ct
1333 554 1425 609 caeteri

141 634 274 692 columine
297 635 419 692 ecclesiae
442 636 568 693 iacebunt
595 636 664 692 iulra
692 654 828 692 scamnum
858 637 882 692 in
914 636 1077 711 pulveribus.
1123 656 1189 711 ergo
1216 649 1424 711 crrrrsequenler.

143 721 272 793 ningister
293 720 415 777 Erlrrarde
438 721 503 783 Lee,
533 740 580 778 ros
603 723 670 778 estis
692 722 843 784 constatior,
873 730 900 777 el
931 721 1035 779 habetis
1064 740 1146 778 rrnrun
1170 723 1311 797 orrtiqmun
1335 724 1425 780 ollium

140 814 234 861 contra
257 805 396 863 erasmum
418 814 446 861 et
467 806 609 863 Martinam
632 807 779 863 bulherum
801 815 829 862 et
851 804 960 863 illorum
989 825 1132 882 sequaces.
1162 809 1229 863 estis
1252 808 1333 865 etiam
1357 827 1426 865 unos

117 890 229 946 tironus
262 890 394 954 Scotino,
427 900 455 947 el
487 891 593 948 holretis
626 891 713 948 zelum
741 892 823 948 vestri
852 890 973 949 doctoris
1000 892 1128 955 Subtilis,
1161 893 1225 967 quid
1254 911 1320 965 ergo
1350 894 1426 951 rolris

97 1044 101 1053 Ι
140 976 262 1031 ridetur?

202 1060 388 1119 Eduardus.
411 1061 476 1119 Cum
498 1062 720 1138 supportatione.
744 1061 873 1135 Magister
894 1070 1004 1125 noster,
1026 1061 1091 1118 licet
1115 1063 1180 1118 nrilri
1203 1062 1316 1137 loquere
1339 1063 1482 1120 unumid·

140 1146 266 1202 verbnm?

203 1231 449 1289 llochstrntus.
487 1231 534 1288 Vel
556 1242 664 1290 centum
688 1234 710 1290 si
733 1232 831 1307 placet.

107 1324 131 1364 ¹⁰
204 1317 388 1374 Erlrrnrdus.
425 1318 568 1392 Nunquam
591 1320 655 1375 mihi
679 1318 781 1394 placuit
804 1317 849 1374 ille
871 1337 957 1375 nurus
978 1318 1090 1378 medus.
1113 1327 1141 1374 et
1156 1317 1195 1374 illi
1213 1318 1273 1374 nori
1289 1319 1424 1382 allectores,

139 1402 330 1477 Hieronymus,
354 1405 537 1476 diegusliuos.
560 1404 722 1460 Athanasius
745 1413 772 1459 et
795 1403 834 1459 illi
856 1413 961 1479 pectre,
984 1401 1048 1459 licet
1070 1420 1124 1458 non
1147 1403 1227 1460 sciam
1245 1405 1307 1478 quid
1326 1404 1424 1460 inillis

138 1488 172 1543 sil
189 1480 329 1562 scriplum,
346 1506 433 1563 neque
449 1488 616 1562 intelligam
632 1491 679 1546 sed
695 1499 783 1545 tamen
800 1498 829 1545 ut
845 1490 950 1545 viderer
965 1488 1044 1544 eliam
1061 1487 1215 1545 liirroiuibus
1230 1490 1327 1544 risisse
1343 1499 1370 1544 et
1387 1491 1424 1545 ln·

138 1590 227 1628 cerem
252 1573 316 1628 mihi
341 1591 438 1630 tierneo
462 1575 535 1631 iuxta
550 1592 648 1631 nomen
664 1592 832 1648 magnorum,
850 1585 905 1631 tres
921 1591 1006 1631 sirarios
1021 1573 1139 1648 perdidi,
1164 1574 1261 1647 qnilms
1277 1573 1423 1647 aliquando

139 1675 189 1731 pro
213 1656 326 1721 solatio,
350 1659 458 1731 equando
481 1677 534 1715 non
559 1660 630 1715 rohd
653 1658 745 1733 legere
769 1659 795 1714 in
818 1659 913 1722 Scuto.
938 1668 1001 1734 pest
1024 1659 1164 1732 prandium
1188 1660 1345 1732 lrerqoeoter
1369 1660 1422 1730 legi

108 1743 263 1798 rauracus
287 1752 315 1798 el
337 1743 400 1800 illos
416 1744 523 1800 Guneus
545 1745 671 1801 doctores
693 1745 830 1807 cursorie,
854 1746 923 1801 sicul
945 1742 1112 1800 Raccnlnumi
1136 1744 1223 1798 uestri
1247 1742 1339 1816 legitur
1357 1744 1408 1800 Seu

140 1829 252 1891 teutins;
274 1837 372 1903 etper
394 1829 474 1885 Deum
497 1839 632 1892 sanctum.
656 1831 720 1904 quid
742 1829 866 1886 deberem
882 1831 987 1892 elicere,
1012 1828 1118 1885 invenio
1141 1829 1214 1902 quod
1230 1827 1296 1883 nihil
1313 1838 1354 1884 ost
1369 1826 1479 1884 nisit-⁷·

141 1930 191 1968 una
225 1912 390 1976 lnlsilicntie,
420 1915 483 1988 qnia
513 1913 557 1970 ille
585 1914 712 1971 Erasmus
740 1913 890 1971 falsificavit
916 1914 968 1971 hoc
996 1932 1094 1970 irrisum
1118 1913 1333 1973 Testorneulurn.
1362 1915 1424 1986 (pria

140 1999 249 2053 elmuino
279 2016 331 2054 nem
360 1998 474 2055 babetur
505 2000 531 2054 iu
554 2009 647 2055 nostra
670 1999 864 2062 translatione,
893 2017 954 2073 qum
987 2008 1074 2055 tarmen
1104 2016 1164 2055 rere
1193 2006 1235 2053 est
1259 1998 1424 2071 hieronymi,

139 2085 209 2140 sicut
232 2085 290 2157 ipsc
312 2085 450 2158 pervertit.
495 2083 671 2141 nihilominus
694 2094 781 2141 tamen
805 2102 856 2157 ege
879 2085 972 2140 muniri
995 2085 1131 2139 hominem
1154 2084 1324 2144 clrarilatire,
1350 2092 1379 2138 ul
1395 2101 1424 2139 se

105 2169 305 2241 ucorogoroi,
329 2167 370 2224 rel
393 2169 450 2225 suis
472 2170 694 2226 unnertulionibus
717 2171 797 2225 etium
821 2177 928 2225 nostras
950 2170 1075 2237 aeldcrel,
1098 2169 1120 2223 si
1143 2167 1223 2224 vellet
1240 2169 1349 2223 omnino
1365 2187 1424 2224 esse

139 2253 181 2309 sui
203 2252 317 2328 capitis:
342 2263 404 2309 lunc
428 2254 478 2310 luit
501 2255 567 2310 arelao
590 2255 724 2330 superbus
746 2255 819 2329 «pred
842 2253 970 2310 alistersit
991 2252 1081 2310 rnlruu
1104 2270 1164 2309 cum
1187 2251 1332 2309 schedulis.

201 2337 449 2395 llochslratos.
487 2339 542 2413 Ego
565 2341 633 2397 liene
655 2340 759 2402 audiri,
789 2340 861 2414 quod
885 2358 932 2395 vos
954 2340 1009 2395 ‹lno
1031 2356 1085 2394 nou
1108 2337 1176 2393 bene
1199 2339 1276 2393 statis
1298 2356 1359 2394 eum
1384 2338 1480 2393 iri-as.

138 2424 237 2478 vicero:
261 2423 327 2479 latet
348 2425 446 2496 anguis
469 2424 495 2479 iu
520 2425 615 2480 herba:
639 2434 680 2481 est
703 2426 768 2481 mihi
791 2425 888 2481 mirum
911 2425 983 2498 quod
1007 2442 1054 2479 ros
1075 2423 1252 2497 erintempsit.
1275 2432 1302 2479 et
1324 2424 1425 2479 dicitur
1481 2458 1485 2466 ι

139 2518 226 2564 turriam
249 2509 321 2582 quml
344 2511 379 2565 sit
401 2509 611 2565 humanissimus
633 2519 660 2567 et
675 2511 768 2584 pueris
783 2509 912 2584 loquatur
927 2517 952 2564 et
969 2508 1077 2565 scribat.
1121 2508 1171 2564 Sed
1187 2508 1282 2564 ‹licanis
1298 2508 1423 2563 ulterius.

104 2600 129 2638 2³
201 2593 387 2650 Eelriordns.
425 2594 499 2650 Licet
520 2595 560 2651 sic
583 2595 677 2656 laniat.
702 2604 789 2651 tumen
813 2611 864 2668 ego
888 2595 950 2650 odio
973 2612 1034 2650 eum
1057 2612 1089 2649 ex
1111 2593 1208 2655 eorde.
1232 2594 1294 2667 qnia
1311 2610 1364 2649 tiron
1381 2601 1423 2648 est

138 2677 225 2734 lninus
249 2679 379 2740 Scolisto.
402 2688 429 2735 et
452 2680 547 2753 scripsi
570 2688 664 2735 eontra
687 2698 748 2736 eum
771 2699 854 2736 unirm
876 2678 990 2736 librum:
1019 2680 1100 2736 credo
1124 2679 1197 2752 quod
1219 2678 1362 2752 aliquando
1387 2679 1424 2733 ri·

136 2764 232 2819 distis:
262 2772 289 2819 el
317 2764 431 2820 scribam
453 2773 548 2820 contra
570 2782 631 2821 eum
655 2766 740 2823 adhuc
762 2765 846 2821 multu
868 2763 960 2838 plura,
990 2765 1052 2838 quin
1081 2764 1137 2819 scio
1169 2764 1219 2818 inm
1243 2763 1374 2837 proficere
1398 2763 1424 2817 in

137 2847 246 2911 (irtaco,
269 2858 297 2904 et
319 2848 380 2905 rolo
402 2848 488 2904 orlhuc
512 2848 573 2923 plus
596 2850 706 2907 stanlere
730 2850 755 2906 in
773 2851 881 2911 llraeee.
905 2859 936 2906 ut
958 2867 1019 2905 eum
1041 2849 1204 2904 confundam
1227 2848 1298 2922 apud
1314 2849 1424 2921 Episco-

138 2951 187 3007 pos
210 2943 236 2990 et
259 2934 355 3008 Papam
379 2943 406 2989 et
427 2933 594 2998 Csnlinoles;
616 2936 733 3010 deinque
755 2944 783 2991 et
805 2936 876 3010 opud
897 2935 1121 2995 bertlnrseosem,
1146 2933 1264 2989 ‹iirroium
1287 2934 1424 2989 studioso·

104 3027 199 3074 ³⁰ltuu
222 3019 341 3081 hostem.
366 3019 476 3075 insidias
499 3037 605 3094 ponam.
1411 3042 1413 3046 ⁴

200 3104 444 3161 llochstratos.
483 3104 595 3162 l‘acintis
618 3107 760 3168 nurlacter,
783 3104 849 3162 nihil
872 3104 988 3168 curetis,
1011 3106 1068 3160 riso
1092 3104 1165 3178 qood
1188 3105 1225 3159 itu
1241 3102 1308 3158 nibil
1325 3103 1358 3158 de
1373 3103 1477 3158 ro-tu·

138 3189 179 3244 his
200 3199 285 3245 eilrat.

200 3274 387 3330 Eduardus.
425 3274 508 3332 linitio
531 3275 643 3339 faciem:
666 3293 753 3350 neque
777 3275 869 3331 luciam
885 3274 950 3330 mihi
966 3274 1160 3330 coriscientimn
1177 3290 1261 3346 super
1276 3273 1335 3333 hoe,
1359 3272 1422 3346 ipris

138 3377 282 3432 possumus
304 3360 440 3416 celebrare
462 3361 598 3434 quetidie.
622 3369 650 3416 et
672 3377 811 3416 rancorem
835 3368 945 3433 qmrlme
968 3359 994 3413 io
1018 3359 1113 3421 reinle.
1138 3358 1245 3431 quanio
1267 3367 1309 3411 est
1332 3358 1423 3413 uilium

103 3448 239 3505 bearrsze.
273 3462 326 3500 non
349 3463 489 3519 persensu.
519 3446 590 3502 sicul
611 3446 676 3501 dicit
698 3445 795 3501 doctm
817 3444 939 3500 Sorrctns.
957 3444 983 3499 ii.
1001 3444 1027 3499 ii.
1044 3451 1107 3499 ortt.
1123 3443 1184 3498 xiii..
1194 3442 1291 3497 merrith.
1308 3443 1344 3497 iii.
1362 3462 1387 3515 q.
1406 3443 1422 3496 i.

136 3696 338 3704 ——.--—-=

205 3795 212 3829 ¹
233 3797 338 3846 lloctor
355 3795 476 3863 sanctus]
496 3799 615 3847 Thomas
634 3798 764 3859 Aquinas.
779 3798 815 3847 cl.
828 3797 882 3847 rol.
896 3797 917 3847 1.
931 3814 958 3862 p.
974 3796 1029 3845 177.
1044 3811 1083 3860 sq.
1155 3792 1316 3861 Capreolus}
1343 3797 1422 3845 loan-

138 3897 203 3941 nes,
221 3887 300 3947 poto,
321 3883 424 3932 ordinis
443 3884 469 3933 S.
484 3883 635 3941 llominiei‚
662 3882 770 3941 Gallus,
790 3882 808 3941 †
831 3882 903 3931 1444.
922 3881 1039 3947 Scripsit
1057 3883 1086 3932 in
1104 3886 1235 3947 quattuor
1252 3879 1337 3929 libros
1355 3882 1420 3929 Seu-

136 3967 284 4016 tentiorum
308 3983 356 4032 pro
373 3967 479 4017 'l'hornn
502 3968 632 4018 adversus
651 3968 776 4029 Scotum,
801 3968 911 4017 Petrum
931 3966 1090 4025 moestum,
1115 3964 1274 4016 Nomiuales
1298 3965 1420 4029 aliosque

135 4051 247 4101 'l'lroinae
267 4052 449 4102 adversarios.
470 4052 512 4102 Cl.
527 4052 650 4102 Fabricii
663 4052 734 4102 llibl.
748 4053 811 4101 Lat.
825 4053 895 4101 med.
910 4058 937 4100 et
956 4051 1005 4100 iul.
1020 4056 1065 4099 ret.
1080 4051 1100 4099 1.
1115 4067 1141 4115 p,
1154 4049 1212 4098 int.
1267 4048 1421 4116 lturaudus]

137 4137 219 4193 Goil..
240 4139 305 4187 item
319 4137 375 4187 ord.
390 4137 619 4198 Praedicatorum,
639 4152 692 4185 non
711 4136 797 4185 solum
816 4137 889 4185 iuter
906 4138 964 4185 iuro
984 4134 1122 4184 consultos
1136 4134 1227 4183 clarus
1247 4133 1421 4200 (cirollp.

140 4221 215 4283 lta),
230 4222 278 4272 sed
290 4224 374 4271 otiam
386 4221 542 4271 Rationalis
554 4222 706 4272 divinornm
717 4220 868 4271 officiorum
881 4225 909 4269 et
920 4221 1048 4269 librorum
1060 4220 1094 4268 od
1106 4234 1225 4268 canentes
1237 4220 1422 4282 spectantium

137 4314 233 4354 arretor
252 4307 494 4356 celebratissimus.
552 4303 687 4371 llcrreus]
707 4305 829 4365 Natalis,
854 4306 1039 4363 Aremoricus,
1061 4302 1117 4353 ord.
1130 4304 1214 4368 praed.
1228 4304 1360 4367 magister
1376 4319 1422 4369 gc·

136 4391 251 4450 noraha,
276 4390 471 4440 subtilissimus
490 4392 518 4440 in
536 4390 627 4456 logica
646 4396 674 4440 ct
692 4390 878 4456 philosophia,
903 4391 1015 4454 scripsit
1034 4405 1130 4438 comm.
1145 4390 1172 4437 in
1192 4392 1320 4453 eqrinttuor
1337 4387 1422 4438 libros

136 4476 339 4525 Sententiarum
348 4464 358 4536 ,⁵
379 4477 405 4524 in
424 4476 582 4526 Aristotelis
600 4475 685 4525 libros
704 4474 861 4533 inmundos,
886 4475 919 4524 dc
939 4490 999 4523 esse
1019 4478 1046 4523 ct
1064 4473 1198 4527 essentia,
1222 4472 1256 4521 de
1275 4471 1421 4521 latitudine

136 4561 238 4610 entium
258 4575 287 4613 tc.
305 4557 656 4622 †a.13'23.cf.l⁴'abric.l.
672 4576 694 4609 c.
715 4560 764 4608 lll.
783 4577 809 4625 p.
824 4558 881 4607 tto.
895 4574 935 4624 sq.
1022 4556 1032 4589 ⁴
1057 4555 1205 4623 Sequanos]
1231 4557 1422 4613 cf.lu‹l.bibl,

135 4646 285 4698 o.xxxll.
339 4641 853 4710 ⁵Snutitislscotiel.volup.177.
902 4642 923 4675 ¹³
941 4640 1195 4708 ct.vot.1.p..ttu.
1210 4658 1268 4707 sqq.
1320 4639 1422 4692 ”lter-

134 4725 301 4792 tbuseuseml
315 4730 475 4779 Hadrianum
488 4730 542 4778 1’1’.
560 4729 608 4779 VI.
618 4732 705 4794 paullo
716 4735 774 4794 pert
788 4730 893 4792 sentum.
940 4725 962 4759 ³⁴
981 4726 1024 4777 Ol.
1037 4727 1091 4778 vol.
1107 4728 1141 4776 ll.
1155 4743 1181 4792 p.
1199 4726 1254 4776 lm.
1268 4742 1292 4777 r.
1309 4725 1348 4794 lb.
1362 4742 1419 4793 sqq.

194 4815 323 4866 llvrrssi
343 4815 409 4864 Ora.
430 4830 493 4865 vos.
507 4815 572 4864 1111.
1156 4812 1196 4872 37
