3382 5370
413 366 460 417 xl.
529 381 687 415 rnacnorrts.
758 380 895 416 nranoovs
915 380 1095 415 uvrrsrucra.
1124 363 1206 429 (tneo.)
1368 349 1440 423 393

169 535 246 596 dicto
269 536 419 596 audientes
441 535 563 603 liabent,
591 552 746 613 persuasus
772 536 800 594 in
829 536 1024 604 confessione;
1060 537 1156 614 itaque
1178 537 1337 597 corradunt
1359 537 1441 597 undi-

170 656 242 716 que,
266 643 298 697 ut
319 637 364 697 lus
386 638 471 706 dem,
494 656 509 696 a
532 639 657 707 maritis,
681 657 696 698 a
719 636 833 706 liberiS,
856 636 1012 697 undeunde
1027 646 1157 716 possunt.
1195 647 1281 716 atque
1302 638 1365 698 lraec
1379 646 1441 699 tau·

169 739 235 800 dem
258 741 304 817 pia
326 741 426 818 rapina
449 747 506 810 est,
529 741 607 818 pium
632 739 688 800 boc
710 739 828 800 furtum.
1298 745 1354 816 qm
1371 759 1441 806 nm..

230 861 429 903 nnmcrscvs.
466 841 522 901 Sed
545 860 610 920 qne
632 860 696 901 mea
718 843 859 903 sententia
882 841 978 902 decies
1000 843 1092 919 magis
1113 860 1200 920 quam
1224 842 1280 903 ulla
1309 846 1440 923 impietas

135 961 147 998 ε
168 943 313 1023 punienda
334 945 399 1004 siut.

230 1066 401 1107 uvrrnuvs.
439 1046 474 1105 Et
489 1054 585 1107 tamen
600 1044 717 1106 volebas
731 1043 924 1123 ligoipedibus
939 1044 1149 1107 Franciscianis
1168 1053 1175 1122 Ι
1196 1044 1424 1124 {fffflff‘ffllm
1440 1058 1507 1110 stu.

168 1166 273 1207 novum
296 1148 395 1209 nidum
419 1159 589 1209 construere
611 1154 659 1216 tu;
682 1149 731 1226 qui
753 1148 808 1207 iam
830 1152 920 1207 staret
941 1145 1046 1216 credo,
1069 1149 1124 1209 nisi
1146 1151 1361 1211 intervenissem
1385 1169 1440 1229 ego

168 1252 296 1311 eximens
318 1251 483 1329 opinionem
506 1249 565 1311 tibi.

229 1372 427 1414 remouens.
465 1352 617 1423 Volebam,
640 1352 746 1420 fateor,
769 1358 798 1411 et
819 1358 923 1412 staret:
951 1358 1021 1412 tunc
1043 1353 1119 1413 euim
1143 1360 1243 1431 captus
1265 1354 1301 1415 ab
1324 1354 1378 1417 illis
1401 1364 1441 1417 te·

137 1454 275 1522 ronebar,
299 1462 330 1513 ut
352 1453 407 1514 alii.

230 1577 402 1618 nvnrnuvs.
440 1557 529 1636 igitur
557 1559 650 1635 prima
673 1557 836 1617 Germanioi
863 1555 941 1618 salus
968 1564 1011 1616 est
1033 1575 1119 1619 nosse
1142 1557 1259 1619 fraudes
1276 1576 1283 1646 q
1299 1558 1433 1637 lgm&

168 1658 273 1719 borum
296 1666 325 1718 et
346 1659 443 1719 videre
466 1659 562 1719 dolos:
586 1677 652 1718 nam
676 1676 832 1719 numerare
853 1658 930 1719 band
952 1657 1035 1719 facile
1057 1667 1115 1727 est,
1144 1658 1249 1737 quibus
1272 1664 1442 1738 patrimonia

169 1767 266 1820 nostro
288 1760 399 1820 artibus
422 1762 566 1829 irretiant,
600 1766 633 1820 ut
654 1777 707 1820 uos
730 1762 810 1820 miris
832 1761 926 1820 modis
948 1763 1089 1839 rarusque
1113 1769 1229 1839 captent
1256 1765 1320 1831 viis,
1355 1783 1441 1842 quam

168 1878 302 1938 maguum
326 1861 399 1922 lucri
422 1881 545 1923 messem
569 1868 723 1923 exerceant
745 1862 891 1922 foedissimi
914 1861 1078 1923 adulatores
1100 1881 1134 1924 ac
1155 1860 1313 1929 omnibus!
1335 1864 1443 1942 2233?

137 1966 301 2042 nparesitis
323 1966 414 2042 magis
435 1965 633 2032 adsentantes,
663 1982 729 2023 euru
752 1965 869 2025 divitum
892 1983 1007 2024 mensas
1028 1972 1189 2043 sequuntur
1212 1967 1296 2027 etad
1319 1971 1440 2047 optima·

167 2073 227 2125 tum
252 2067 329 2125 fures
351 2067 436 2127 delixi
459 2067 578 2127 haerent.
624 2065 673 2127 nbi
696 2084 762 2126 cum
785 2066 852 2144 quid
876 2068 1034 2144 accipiunt,
1064 2066 1143 2127 vultu
1165 2069 1272 2128 tristeis
1294 2088 1358 2131 sese
1380 2072 1508 2133 art-sno.

167 2167 316 2235 simulant,
340 2170 442 2229 animis
463 2167 574 2229 alacres
596 2167 752 2228 admodum
775 2167 935 2228 discedunt.
971 2168 1027 2229 Sed
1049 2171 1201 2245 pecuniam
1217 2173 1279 2249 qni·
1302 2174 1441 2245 lemarus.

167 2269 233 2329 dem
256 2287 314 2329 non
337 2272 483 2348 occipiunt
505 2289 558 2349 per
580 2269 749 2345 religionem
779 2269 881 2348 aliqui,
911 2277 940 2328 at
967 2270 1103 2348 quiddam
1131 2271 1217 2350 louge
1247 2272 1441 2359 lffflpffitf·

167 2372 260 2432 maius
282 2380 367 2449 utque
389 2371 513 2451 amplius
535 2373 692 2450 accipiunt,
716 2373 830 2439 vinum,
853 2372 997 2432 frunncuta
1020 2379 1049 2432 et
1064 2374 1100 2433 od
1114 2375 1221 2434 vietum
1237 2377 1373 2454 quicquid
1390 2385 1441 2447 est,

132 2474 381 2550 aircopiosissime,
413 2475 443 2532 in
471 2474 527 2533 hoe
555 2473 760 2552 prudentiores
787 2473 849 2533 aliis
876 2472 1026 2534 omuibus:
1056 2493 1124 2535 nam
1153 2494 1218 2555 quse
1240 2496 1297 2537 non
1320 2488 1443 2556 possunt

168 2573 222 2635 illis
244 2577 348 2635 viritim
372 2574 499 2636 collectis
521 2574 644 2654 stipibus
666 2594 852 2654 comparare,
875 2575 1026 2655 asingnlis
1041 2595 1250 2655 nonnunquam
1266 2580 1356 2642 solide
1373 2600 1441 2641 con·

167 2685 338 2755 sequuntur.
384 2676 453 2738 Tale
475 2676 626 2738 consilium
650 2685 708 2747 est,
732 2676 796 2738 talis
817 2696 879 2745 ars;
903 2680 945 2739 sic
965 2686 1090 2757 regnant
1111 2680 1254 2749 Monaehi
1278 2689 1284 2756 Ι
1307 2681 1440 2764 ξξξξξξξροἢ

167 2780 216 2856 qui
231 2779 366 2839 monachi
381 2785 477 2839 tanren
493 2798 552 2839 non
568 2786 649 2848 sunl,
673 2798 739 2841 nam
755 2779 881 2842 solitarie
895 2799 954 2840 nou
970 2782 1082 2850 vivunt,
1106 2782 1296 2860 indignissimi
1310 2787 1439 2847 omnium

167 2888 286 2958 propter
309 2898 382 2958 qnos
404 2884 529 2943 arctiore
551 2900 665 2943 annona
688 2884 873 2944 Germaniam
895 2902 960 2943 εεεε
982 2890 1128 2961 oporteat,
1153 2892 1184 2944 ut
1206 2887 1254 2962 qui
1276 2903 1372 2965 neque
1386 2890 1440 2948 nti-

132 3003 157 3041 as
167 2983 208 3043 les
230 3001 308 3043 nunc
330 2990 412 3053 sunt,
436 3003 544 3063 neque,
569 2992 601 3044 ut
622 2990 719 3045 essem
740 2986 830 3061 frugi,
853 2986 983 3045 instituti.

228 3106 427 3148 suasorscvs.
464 3086 538 3147 Nam
560 3086 706 3165 quomodo
729 3087 850 3147 instituti
871 3088 999 3164 primurn
1020 3088 1104 3146 sunt?
1444 3102 1510 3153 §.un

228 3208 400 3251 nvrrnsvs.
439 3188 552 3258 Dicam,
587 3196 617 3248 nt
639 3190 676 3248 sit
703 3188 779 3266 quod
809 3186 943 3248 Carolum
970 3188 1089 3256 doceas;
1124 3189 1174 3249 sed
1201 3192 1283 3268 prius
1310 3194 1386 3252 scire
1413 3199 1441 3254 te

169 3298 284 3367 oportet
305 3309 364 3350 nou
386 3290 423 3351 de
445 3290 595 3351 monacbis
611 3290 799 3369 loquuturum
815 3308 876 3357 ure,
900 3291 949 3367 qui
964 3290 1162 3367 septingentos
1177 3299 1243 3351 mue
1265 3301 1272 3371 Ι
1293 3291 1441 3378 ggtgqlffi‘*

167 3410 258 3450 arruns
281 3393 414 3462 fuerunt,
438 3393 522 3453 bonis
545 3394 613 3452 viris
635 3394 683 3471 qni
707 3393 882 3470 contemptis
904 3393 968 3451 vitm
989 3391 1075 3451 buius
1097 3390 1241 3452 illecebris
1264 3394 1440 3456 abnunriau·

134 3499 213 3551 mles
241 3493 376 3554 omuibus
403 3495 504 3555 mnudi
533 3494 669 3571 nogotiis,
706 3493 814 3553 calcata
843 3494 929 3554 etiarn
957 3496 1090 3570 corporis
1119 3494 1279 3573 voluptate,
1319 3498 1347 3555 in
1375 3497 1441 3557 soli-

167 3594 295 3655 tudinem
317 3604 537 3664 coucesseruut,
571 3596 621 3655 nbi
643 3595 734 3655 libere
756 3594 1049 3674 contemplatiouilms
1071 3605 1219 3667 vacarent,
1253 3598 1289 3658 de
1316 3618 1441 3678 quorum

166 3697 301 3755 institutis
329 3704 356 3756 et
383 3699 600 3758 conversatione
622 3696 703 3758 multi
732 3697 890 3758 doctissimi
919 3700 1027 3775 pariter
1055 3705 1083 3757 et
1108 3699 1280 3759 sanctissimi
1309 3701 1441 3763 homiues

166 3800 288 3875 scriptos
310 3798 488 3877 reliquerunt
506 3798 610 3860 libros:
634 3819 734 3861 serum
750 3800 786 3858 de
801 3799 846 3860 bis
861 3800 964 3868 iliram,
988 3801 1036 3877 qui
1052 3800 1192 3860 muudum
1209 3800 1328 3878 impleut
1342 3820 1429 3871 nunc,
1442 3814 1508 3865 tus.

166 3900 294 3960 ‹lisersas
316 3901 439 3977 professi
461 3902 524 3960 vitm
547 3903 668 3971 formas,
700 3921 772 3981 qum
794 3922 810 3963 a
832 3903 970 3962 llonmnis
991 3902 1176 3980 pontificibus
1206 3903 1255 3962 ad·
1283 3902 1441 3985 qupssfssssftffl

131 4001 285 4079 :inprobari
308 4004 449 4080 oportuit,
479 4022 604 4083 quorum
626 4005 710 4065 etiam
734 4006 898 4081 parrcissimi
921 4004 957 4063 ult
985 4006 1019 4064 iis
1047 4005 1166 4064 instituti
1196 4011 1276 4072 scrut,
1306 4006 1342 4066 ad
1369 4025 1443 4085 quos

165 4105 308 4180 originem
329 4106 476 4165 referunt:
505 4125 571 4166 nam
594 4106 764 4184 decipiendo
786 4104 870 4183 vulgo
894 4106 1081 4183 professionis
1103 4105 1205 4165 orrtlto·
1263 4104 1437 4182 {gfflffi'ff'ffl·

165 4224 226 4265 rem
250 4208 429 4266 trientinntur
451 4207 525 4268 trono
549 4226 626 4285 pars.
671 4209 749 4268 luter
771 4225 844 4286 quos
866 4206 989 4268 blandiri
1017 4208 1133 4287 quidem
1163 4207 1200 4267 illi
1229 4211 1256 4266 in
1280 4210 1438 4270 Gerumno·

230 4442 365 4495 ’moritis
385 4448 407 4493 1.
487 4442 656 4509 ⁸lipnipodq
687 4444 786 4509 ligneis
809 4444 942 4495 annilaliis
960 4445 1109 4495 utentibus.
1179 4446 1387 4495 b'runciscisuis
1404 4447 1443 4498 sic

167 4532 224 4578 edd.
278 4531 337 4579 Non
356 4545 453 4580 novum
472 4530 578 4595 quidem
598 4531 789 4579 nionastorium
807 4531 1002 4579 Franciseanis
1021 4531 1089 4580 fecit
1101 4531 1266 4581 Franciaeus
1280 4531 1435 4597 Siclriugus‚

164 4615 210 4662 sed
234 4615 266 4663 de
291 4615 411 4666 claustro
429 4615 582 4666 'l'rumbaclr
606 4631 689 4680 propo
713 4615 919 4680 Eberuburgmn
943 4615 977 4664 nb
1001 4616 1060 4680 ipso
1088 4610 1228 4681 cruoreque
1249 4617 1384 4681 lledwige
1408 4616 1441 4665 de

164 4698 321 4748 l'torttneim
339 4701 426 4751 denuo
446 4701 559 4750 frnnlato
578 4701 740 4751 documenta
759 4701 847 4751 edlrnc
866 4706 969 4751 estant.
