3382 5370
392 390 454 439 xn.
524 403 668 440 nnurnrve.
738 406 876 441 nrnnoovs
896 406 1070 442 uvrrearcrs
1099 392 1273 455 (eosrvuvs).
1397 378 1471 450 413

192 557 263 633 ipsis
285 559 370 617 etiam
393 558 595 620 dirimentibus
620 562 759 621 montium
784 558 929 620 altissimis
944 560 1079 637 dlpibus,
1102 580 1138 620 eo
1158 562 1370 639 desperationis
1385 562 1470 641 adegi

193 661 336 719 civitatem
360 659 536 729 Romanam,
561 669 593 721 ut
617 661 663 721 ille
685 664 834 738 Augustus
857 663 1033 740 Imperator,
1056 681 1143 740 quem
1166 661 1259 722 solum
1283 663 1389 743 alioqui
1405 678 1538 742 per-§.ar

193 768 282 838 petuo
304 761 418 822 felicem
443 771 546 823 vocant
569 764 716 832 lromines,
740 772 769 824 et
790 783 848 844 quo
871 783 958 825 nemo
973 765 1133 843 potentior,
1157 765 1233 843 quod
1250 783 1352 825 omues
1366 767 1471 833 sciunt,

193 863 319 940 irnperio
342 862 381 924 illi
403 865 535 944 praefuit.
559 868 597 925 ita
620 864 763 925 obstinate
786 867 912 942 primunr
936 868 1009 926 mori
1026 867 1201 933 decreverit,
1225 885 1262 925 ne
1279 866 1387 927 rideret
1402 874 1473 944 puto

168 965 269 1042 arprod
293 965 363 1026 milri
385 968 415 1027 in
438 974 565 1028 mentem
588 986 736 1046 nunquam
759 976 893 1036 venerat,
917 967 1040 1027 Romam
1063 969 1127 1045 capi
1150 987 1165 1026 a
1190 986 1251 1034 me,
1274 975 1306 1027 ut
1327 975 1415 1046 caput
1430 969 1473 1028 lo-

192 1065 275 1126 ribus
298 1067 411 1129 illisisse
434 1088 500 1130 eum
524 1070 671 1129 memoria
693 1068 841 1147 proditum
863 1070 914 1138 sit,
944 1070 1060 1129 tarnleor
1084 1068 1222 1128 excubias
1244 1079 1302 1128 tota
1325 1068 1414 1137 urbe,
1443 1071 1472 1129 in

192 1171 285 1244 portis
307 1172 458 1239 stationes,
492 1179 573 1230 extra
596 1172 729 1247 praesidia
758 1171 948 1249 disposuerit,
983 1170 1149 1231 rectoribus
1175 1171 1390 1247 provinciarum
1419 1173 1472 1232 im·

192 1271 305 1346 perium
330 1275 546 1350 prorogarerit,
576 1273 633 1333 lori
656 1274 765 1351 optimu
788 1274 914 1333 maximo
936 1274 959 1332 si
983 1275 1010 1332 in
1035 1271 1184 1332 meliorem
1207 1277 1312 1332 statum
1340 1274 1472 1333 vertisset

191 1372 419 1449 rempublicam,
449 1393 570 1451 magnos
593 1374 677 1435 lrrdos
700 1377 824 1442 voverim
846 1374 993 1456 luentes,
1024 1375 1061 1433 ita
1084 1373 1121 1433 de
1143 1391 1242 1433 rerrrrrr
1265 1391 1378 1433 summa
1401 1388 1540 1438 eoo-§.aa

159 1471 343 1536 rosnltavern
373 1495 407 1536 ao
436 1479 464 1536 in
487 1496 623 1554 suprema
645 1480 817 1537 necessitate
839 1477 902 1535 lieri
924 1475 1013 1543 solet,
1044 1494 1137 1554 rreqrre
1161 1474 1216 1534 alio
1240 1482 1371 1553 ternpore
1395 1476 1472 1535 solli·

192 1577 276 1636 eitius
299 1585 417 1638 cantum
441 1577 511 1639 illud
533 1578 634 1639 llouree
656 1581 705 1648 sit,
730 1599 766 1639 ne
789 1578 858 1657 quid
883 1578 1048 1637 detrimenti
1071 1575 1236 1655 respublica
1259 1584 1392 1654 caperet,
1421 1596 1471 1655 pa·

190 1695 243 1736 vor
266 1679 374 1758 ubique
397 1682 616 1741 corrlusissiurns
638 1681 787 1741 bominum
810 1687 923 1739 urentes
945 1678 1119 1757 perculerit:
1143 1678 1196 1738 luit
1210 1681 1287 1739 euim
1303 1680 1470 1756 gravissima

190 1777 254 1839 brec
276 1780 413 1841 trornanis
436 1782 546 1850 clactes,
577 1800 652 1860 pene
680 1781 832 1842 exitiabilis
860 1782 956 1841 etiarn.
1002 1780 1037 1840 tlt
1065 1782 1121 1840 lroc
1143 1789 1270 1859 emptum
1292 1789 1379 1859 atque
1401 1795 1540 1859 per-§.en

192 1881 298 1941 lectrun
328 1902 343 1941 a
373 1901 419 1942 nre
448 1891 489 1944 est
519 1885 636 1944 conciso
663 1893 750 1962 atque
780 1883 915 1961 pervulsa
944 1885 1117 1963 penitusque
1146 1884 1277 1961 deposito
1306 1886 1472 1944 Germaniae

160 1991 283 2049 tastatu,
308 1982 383 2043 illius
406 2004 475 2044 rero
498 1985 664 2063 reipublicae
680 1987 893 2045 decentissimis
909 1985 1012 2053 rebus,
1037 1987 1152 2045 lorturra
1168 1986 1388 2055 secundissima,
1412 2006 1471 2047 rna·

192 2087 274 2144 xirnis
297 2087 496 2155 inrrrrrrentis,
531 2107 596 2148 enm
619 2105 715 2165 neque
738 2097 769 2147 ut
790 2086 954 2149 Alexander
983 2108 998 2146 a
1026 2096 1108 2165 patre
1137 2106 1276 2166 regnum,
1316 2107 1411 2167 neque
1441 2098 1470 2150 ut

191 2189 236 2247 isti
258 2206 273 2247 a
297 2196 398 2248 senatu
422 2192 580 2250 exercitum
602 2209 668 2249 curn
692 2190 813 2266 irnperio
837 2191 1023 2267 accepissem.
1069 2190 1178 2250 beinde
1200 2190 1272 2250 alios
1294 2198 1381 2268 atque
1396 2191 1538 2254 aliostat.

191 2291 326 2350 contiuno
349 2292 427 2351 dorni
449 2299 545 2352 rnotus
568 2292 743 2369 eonrpr·essi;
775 2294 885 2352 omneis
915 2293 1043 2370 undirpre
1065 2292 1235 2353 delectionis
1257 2291 1396 2353 authores
1418 2311 1470 2370 po·

190 2390 306 2459 stulari,
330 2400 358 2451 ot
381 2392 536 2453 nonnullos
558 2393 674 2472 (pridem
698 2411 817 2453 assensu
840 2393 1026 2472 popularium
1048 2395 1163 2472 puniri,
1187 2393 1249 2453 aliis
1273 2411 1340 2454 vero
1358 2396 1468 2454 verrianr

155 2494 357 2570 appetentibus
378 2495 460 2563 dedi:
489 2496 538 2575 qui
559 2497 791 2573 transfugerant,
821 2496 1012 2574 reprebendi,
1043 2497 1091 2574 qni
1121 2496 1149 2554 iu
1179 2494 1355 2556 deditionem
1378 2504 1469 2565 erant,

191 2597 303 2672 recepi:
328 2599 424 2657 onmia
447 2598 561 2674 llagitiis
585 2599 774 2676 perpurgari;
804 2616 899 2676 neque
926 2616 980 2677 pro
1003 2598 1158 2657 Germanis
1180 2596 1269 2657 habui
1291 2599 1339 2675 qni
1361 2597 1469 2657 tributa
1497 2614 1500 2619 ’

191 2699 297 2757 exteris
326 2699 487 2775 penderent
509 2709 558 2760 ant
580 2700 643 2760 aliis
671 2700 886 2760 conditionibus
914 2701 1056 2761 ebnoxios
1089 2701 1183 2760 terrori
1217 2718 1249 2759 se
1283 2707 1468 2778 paterentur:

190 2818 394 2879 suruurnrrnpre
417 2802 499 2861 nelos
521 2801 695 2879 proclamari
718 2803 796 2880 qnod
819 2804 895 2864 inter
918 2803 1012 2863 dlbinr
1036 2808 1064 2863 et
1085 2802 1221 2862 Rhenum
1251 2803 1338 2879 virgae
1367 2810 1395 2862 et
1423 2820 1468 2861 se·

190 2920 275 2961 (aures
298 2922 330 2962 ac
347 2901 477 2964 llonrana
502 2903 549 2964 illa
573 2913 637 2981 tuga
661 2913 815 2984 conspecta
832 2905 921 2966 semel
938 2914 1044 2966 essent.
1082 2904 1126 2964 lbi
1141 2912 1201 2964 turn
1219 2905 1347 2964 excitatis
1362 2905 1467 2964 iterum
1479 2918 1537 2967 §.aa

154 3004 227 3063 esan
251 3005 459 3081 capessendam
482 3005 643 3066 libertatern
666 3007 852 3087 popularium
875 3010 979 3068 animis
1001 3008 1122 3085 promisi
1144 3008 1206 3066 lore
1237 3004 1322 3084 paulo
1346 3015 1411 3083 post
1432 3024 1469 3066 ne

189 3104 255 3164 rrltae
277 3108 305 3166 in
329 3109 484 3169 Germania
507 3107 706 3169 Romanorum
729 3108 832 3169 saltem
855 3109 984 3189 reliquiae
1007 3117 1208 3187 superessent,
1232 3127 1307 3188 pene
1330 3108 1469 3168 memoria
1498 3111 1501 3119 '

190 3207 370 3269 aboleretur:
395 3229 448 3270 uec
471 3210 498 3270 id
523 3211 613 3270 molto
635 3218 702 3290 post
724 3212 859 3288 praestiti,
887 3214 1018 3289 ‹prarnris
1041 3211 1118 3270 band
1141 3213 1260 3288 segnius
1282 3212 1377 3270 omnia
1401 3229 1469 3270 oon·

190 3317 233 3369 tra
256 3310 355 3372 bostes
377 3320 568 3373 conarentur:
599 3332 665 3373 nam
688 3322 720 3373 ut
742 3315 866 3373 maxime
889 3321 1026 3373 strenuus
1049 3314 1171 3391 quisque
1194 3321 1222 3371 et
1244 3314 1346 3390 primas
1374 3314 1404 3372 in
1426 3315 1469 3372 in·

190 3420 306 3473 rentute
329 3416 389 3493 spei
411 3414 512 3474 Rornae
535 3417 601 3483 luit,
631 3417 669 3474 ita
693 3417 899 3475 Germanicum
928 3413 966 3475 illi
997 3413 1105 3473 bellurn
1134 3413 1292 3474 ulciscendi
1316 3413 1467 3475 Varianam

157 3512 303 3573 aetenam
325 3517 420 3576 studio
444 3518 648 3578 demandatum
671 3525 729 3587 est;
759 3519 838 3577 missi
861 3518 938 3578 baud
960 3516 1192 3576 couternrrernlns
1213 3515 1289 3575 bello
1316 3517 1359 3575 sir
1382 3517 1536 3579 'rina-ea.

190 3615 250 3674 rins
267 3616 342 3677 Nero
366 3620 444 3679 etin
468 3622 568 3697 paucis
591 3620 846 3681 connumerandus
866 3618 942 3680 illins
965 3621 1069 3687 irater,
1094 3619 1210 3695 egregie
1227 3618 1363 3678 cordatus
1380 3618 1467 3678 lronro

190 3716 316 3787 llrnsrrs,
340 3728 427 3798 atque
450 3721 496 3781 alii
519 3723 559 3782 sic
583 3740 700 3783 meeum
724 3731 922 3789 certarernrrt,
946 3721 1113 3781 rrtllornanr
1135 3723 1244 3782 reversi
1272 3721 1326 3798 ipsi
1349 3722 1466 3799 quidem
1499 3718 1507 3730 ⁶

189 3821 410 3897 triumpharint,
444 3840 498 3899 ego
527 3843 594 3884 sero
623 3823 762 3902 gliscente
791 3824 882 3884 indies
911 3823 1043 3884 libertate
1071 3825 1229 3884 immunem
1262 3830 1290 3882 et
1318 3825 1362 3884 sui
1397 3826 1467 3884 iuris

189 3923 372 3983 tiermauiaur
396 3925 581 3986 obtinuerim.
630 3926 712 3987 'l'nuc
743 3935 771 3987 et
797 3928 938 4004 rigentem
966 3927 1054 3987 animi
1083 3925 1230 3986 alacritate
1260 3927 1465 4003 imperatorem
1477 3940 1535 3988 nar.

154 4024 395 4085 astiernranicorn
419 4027 556 4106 erlongo
579 4027 685 4088 ordina
708 4048 762 4088 nsu
785 4027 943 4106 pollentem
965 4028 1041 4089 illins
1064 4026 1189 4107 legatum
1206 4030 1378 4096 Gaecinoam,
1402 4048 1468 4089 cum

188 4123 267 4184 nrille
289 4129 375 4186 etiam
398 4146 499 4198 nares,
528 4139 666 4211 tanrpraur
689 4131 724 4190 ad
748 4131 972 4209 expugnandam
995 4131 1128 4201 Troiam,
1160 4133 1299 4194 adversus
1326 4149 1374 4191 me
1401 4150 1467 4210 age·

189 4235 305 4296 rentur,
340 4231 451 4306 magnis
478 4250 511 4291 ac
541 4233 652 4292 irriseris
680 4252 747 4293 curn
776 4231 876 4312 populi
899 4231 1021 4294 Rotnani
1049 4233 1180 4294 cladibus
1208 4236 1331 4294 sustinui
1361 4254 1395 4295 ao
1423 4252 1468 4294 re·

188 4331 295 4405 pressi.
326 4339 353 4389 et
376 4331 590 4401 Carioralduur,
620 4335 794 4394 Batavorum
823 4335 942 4405 ducem,
973 4337 1048 4395 inter
1076 4335 1179 4396 auxilia
1208 4336 1337 4397 Romana
1368 4336 1467 4397 multis

188 4449 254 4490 conr
278 4430 423 4492 nobilibus
445 4434 550 4501 ceeidi;
579 4434 675 4495 Cattos
697 4455 731 4496 ac
753 4436 890 4514 l'brpsios
913 4457 928 4496 a
951 4437 1064 4498 diversa
1087 4445 1116 4499 et
1138 4441 1216 4516 ipsos
1244 4445 1327 4517 parte
1356 4440 1467 4501 vindice

247 4642 257 4668 '³
278 4654 336 4687 cunr
359 4640 380 4688 t.
417 4637 437 4670 ¹⁵
455 4654 547 4688 ornnes
562 4643 649 4705 dapis.
685 4638 707 4670 ²⁰
727 4641 753 4688 in
772 4637 950 4705 deditionem]
969 4649 1053 4691 recte:
1071 4645 1107 4691 sie
1124 4643 1224 4693 tta-trus
1236 4647 1310 4694 etiarn
1331 4646 1357 4694 in
1378 4652 1465 4694 custo·

187 4721 258 4770 (liam
273 4724 375 4773 babere
388 4731 412 4773 et
425 4742 506 4790 pana,
543 4723 565 4755 ³⁰
577 4725 774 4788 '1¹p'berlrrsl.et
787 4727 838 4774 ertit.
875 4723 1145 4789 ³¹(lic.Tusc.l.9‚ts.
1182 4727 1465 4782 ”Frisiosdmlelb
