3382 5370
300 360 372 438 404
542 379 589 429 XI.
660 394 820 429 cannones.
891 378 1334 443 orruoorsuvrrnurcrs.(tntn.i

298 550 422 629 proinde
442 557 559 627 tempus
581 555 701 627 expecta
730 567 846 609 mecum
872 548 964 616 aliud:
996 548 1073 627 quod
1103 567 1170 609 oum
1198 549 1268 618 erit,
1298 547 1378 608 dices
1404 547 1466 627 ipse
1493 546 1581 606 tuisse

299 651 485 712 conficiendis
506 650 596 711 rebus
619 651 664 710 his
686 660 884 730 opportunum
908 651 1009 729 magis.

361 773 533 815 uvrruuvs.
571 752 751 831 Expectabo,
775 753 844 814 dum
867 772 925 813 nun
948 753 1071 814 multum
1094 752 1177 813 absit.

231 850 456 938 §.tst.23{ffi;⁵,q⁰,ff¹¹}
519 875 719 917 remorsors.
757 855 853 934 Prope.
882 863 940 926 est,
972 857 999 916 ui
1030 854 1129 915 fallor:
1159 872 1225 914 nam
1254 854 1408 913 Germania
1439 854 1582 931 resipiscit

298 958 354 1017 iam
381 977 415 1018 ao
444 959 505 1036 ipsa
535 975 587 1036 per
610 964 638 1017 te
662 964 690 1016 et
711 957 871 1018 Lutirerum
894 958 1096 1036 expergefacta
1119 977 1134 1017 a
1157 955 1305 1036 profundo
1328 955 1453 1034 quodam
1477 943 1604 1014 somnos

298 1077 476 1136 cognoscere
490 1058 631 1129 fraudem,
654 1077 711 1138 qua
733 1060 882 1137 consopita
899 1060 966 1128 init,
990 1060 1105 1138 iucipit;
1129 1078 1224 1137 neque
1240 1057 1352 1117 videtur
1369 1056 1489 1116 ulterius
1504 1055 1584 1115 serre

298 1179 382 1238 posse
412 1169 470 1221 tam
499 1160 682 1220 inhonestam
708 1168 752 1220 tot
774 1162 940 1220 ociosorum
963 1161 1114 1221 hominum
1139 1161 1407 1226 conversationem:
1437 1159 1460 1218 si
1483 1165 1582 1236 posset

296 1258 456 1344 diffidati?
509 1264 604 1331 etiam,
628 1280 722 1340 neque
737 1281 895 1341 agnoscere
918 1264 978 1341 ipsa
1001 1282 1033 1324 se
1056 1270 1129 1322 votet
1152 1271 1181 1322 et
1196 1280 1374 1340 cognoscere
1390 1261 1460 1327 irasc,
1485 1266 1581 1319 tamen

219 1383 224 1394 ·
298 1362 387 1423 nollet
410 1362 541 1422 Christus
569 1363 623 1423 sub
654 1372 795 1441 praetextu
818 1365 932 1443 pietatis
960 1362 1068 1425 diutius
1097 1363 1176 1424 dludi
1204 1363 1258 1424 siti
1288 1371 1317 1423 et
1338 1362 1374 1422 ait
1397 1381 1428 1421 so
1452 1362 1580 1421 instituta

299 1467 437 1542 perverti.
556 1451 558 1459 ¹
1593 1481 1618 1519 ru

231 1573 295 1622 §.mu
361 1588 532 1629 uvrrnsrs.
571 1567 642 1629 Cum
665 1567 734 1628 illud
758 1571 852 1629 veniet
874 1577 989 1647 tempus
1012 1577 1125 1635 autem,
1150 1568 1205 1627 lior
1229 1566 1373 1643 agendum
1397 1565 1481 1626 uoltis
1503 1564 1582 1624 ariri-

297 1664 455 1743 ξῖΙῖἳξΙξΙΙξΨ·
479 1664 485 1751 Ι
508 1667 624 1737 trahor,
648 1677 680 1729 ut
696 1670 912 1731 honestissimas
928 1672 1091 1731 Germaniae
1107 1671 1248 1737 civitates,
1273 1670 1397 1729 diruissis
1412 1669 1502 1746 siquae
1518 1667 1581 1727 iue-

298 1768 419 1845 ξῗβξξζῖη,
443 1767 451 1852 Ι
473 1779 542 1831 runt
568 1772 650 1850 prius
679 1771 872 1832 simultatibus
894 1791 928 1831 ao
950 1774 1120 1839 inimicitiis,
1149 1773 1178 1830 in
1202 1773 1243 1831 rei
1266 1773 1434 1831 societatem
1456 1771 1581 1846 accipia-

298 1887 376 1932 mus:
407 1890 474 1932 iram
505 1871 691 1933 veliementer
720 1874 803 1933 video
825 1872 860 1932 ad
883 1872 1046 1934 libertatem
1070 1880 1182 1934 erectas
1203 1891 1252 1933 eas
1274 1893 1306 1932 ae
1331 1872 1413 1932 iudae
1435 1871 1582 1931 servitutis

297 1974 410 2051 pudore
433 1974 523 2043 affici,
554 1983 585 2035 ut
611 1974 724 2035 nudum
752 1974 841 2033 olium
870 1975 1017 2045 ordinem:
1048 1976 1157 2048 habent
1187 1981 1284 2034 autom
1308 1976 1383 2033 vires
1406 1980 1434 2033 ot
1456 1974 1616 2051 pecuniam

297 2075 460 2145 abundant,
484 2084 515 2136 ut
536 2077 561 2135 si
583 2075 659 2136 bello
682 2070 793 2155 agenda
817 2075 878 2135 liaeo
900 2079 965 2147 sint,
989 2086 1021 2138 ut
1044 2085 1166 2155 agentur
1189 2077 1292 2145 credo,
1317 2094 1421 2136 nereos
1442 2073 1581 2153 suppedi-

300 2185 362 2238 tare
384 2179 485 2238 sciant.

230 2288 296 2338 §.tit
361 2300 558 2341 rnnuersers.
597 2280 784 2341 dionitinnenr
807 2283 917 2359 accipio
941 2290 969 2342 et
984 2281 1135 2341 eonsilium
1151 2281 1259 2360 probo,
1283 2298 1449 2359 quanquam
1465 2279 1580 2339 decrevi

297 2385 326 2441 et
355 2378 416 2460 ipse
444 2383 520 2460 apud
549 2402 595 2443 me
623 2384 679 2443 iarn
708 2383 822 2461 pridem
850 2383 948 2443 redire
977 2403 1044 2443 curu
1072 2383 1116 2443 his
1145 2384 1174 2442 iu
1205 2383 1327 2461 gratiam
1356 2402 1390 2442 ac
1413 2400 1513 2442 earum
1538 2382 1580 2441 nti

298 2484 432 2544 amicitia.
1491 2518 1495 2526 ·
1590 2501 1617 2541 eo

360 2580 533 2648 unrrotiron.
571 2584 643 2645 lietu
667 2585 753 2646 audio
775 2588 804 2646 in
828 2588 933 2647 mirum
956 2587 1075 2646 modum
1099 2586 1345 2667 desyderabilem,
1369 2587 1391 2646 si
1414 2585 1564 2664 procedat.

361 2708 559 2750 snasmsovs.
597 2687 653 2748 Per
675 2706 722 2748 me
744 2689 862 2767 quidem
885 2678 944 2748 non
966 2696 1009 2749 est
1031 2707 1123 2749 mora.

361 2810 535 2850 uanonron.
573 2790 687 2851 Utinam
717 2791 835 2869 quidem
859 2809 916 2850 nou
939 2792 989 2850 sit:
1021 2809 1086 2851 nam
1110 2799 1227 2851 nostros
1249 2790 1309 2851 scio
1333 2789 1517 2869 cupidissime
1541 2789 1580 2851 ibi

298 2900 459 2970 promptos

361 3011 559 3054 arnaucrscvs.
598 2993 633 3053 Et
655 3013 709 3072 ego
732 3004 899 3073 promptum
922 3014 969 3056 me
992 2995 1139 3074 polliceor.
1588 3015 1614 3054 :u

230 3105 297 3154 §.tta
363 3114 533 3157 rurenses.
572 3094 626 3165 Oui
649 3096 672 3154 si
696 3115 758 3157 esse
780 3096 869 3166 nolis,
894 3097 970 3157 haud
995 3097 1109 3158 carebis
1131 3097 1360 3175 reprehensore:
1385 3115 1439 3175 ego
1462 3096 1579 3175 qnidam

298 3183 447 3276 nunquam
470 3196 559 3257 deero
582 3196 633 3257 tibi
656 3198 837 3259 exhortando
859 3207 888 3259 et
910 3199 1109 3278 efflagitando‚
1133 3208 1165 3260 ut
1187 3207 1215 3260 te
1231 3200 1393 3261 Germauieo
1415 3216 1580 3258 acuunmo·

297 3299 350 3359 des
372 3298 419 3359 ihi.
445 3298 521 3377 quod
545 3298 698 3375 dupliciter
721 3298 760 3361 iiii
783 3303 819 3360 sit
842 3300 925 3370 utile,
949 3304 1092 3379 primum,
1116 3310 1148 3362 ut
1170 3302 1333 3380 perniciosa
1356 3301 1497 3361 hactenns
1520 3300 1578 3359 dis-

297 3397 490 3476 {qfflq'fflssqqgfflj
513 3395 520 3483 Ι
543 3403 639 3461 sensio
662 3400 778 3463 tollatur
800 3423 816 3463 e
839 3403 951 3473 medio,
975 3411 1004 3464 ei
1026 3402 1181 3465 eoncordia
1206 3405 1362 3479 iungantur
1384 3403 1505 3462 iueicem
1522 3401 1580 3461 (tuo

298 3504 488 3581 potentissimi
511 3503 646 3570 ordines:
676 3505 793 3573 deinde,
824 3513 893 3565 uta
916 3507 1078 3583 captivitate
1107 3505 1263 3583 impiorum
1292 3504 1490 3571 sacerdotium
1520 3521 1615 3581 qunno

299 3603 376 3664 uuila
400 3593 517 3674 durior,
547 3604 624 3665 nuda
653 3606 787 3684 pudenda
811 3608 904 3685 magis
926 3627 989 3668 esso
1018 3615 1126 3686 potest,
1156 3606 1331 3685 postliminio
1356 3606 1455 3666 redeat
1477 3606 1579 3683 [rarii-ta,

279 3704 419 3766 ¹libertas
442 3705 601 3767 Christiana
625 3710 793 3769 restituatur
816 3708 884 3778 sibi,
908 3710 1014 3770 ueritas
1036 3709 1196 3776 elucescat,
1221 3708 1334 3768 Christo
1358 3708 1447 3786 gloria
1471 3709 1514 3767 sit.

232 3819 298 3867 §.nrt
363 3829 539 3869 nirinearon.
577 3810 645 3870 Haec
668 3812 762 3869 omnia
787 3810 822 3870 acl
845 3809 954 3870 beilum
976 3810 1156 3872 sacerdotale
1180 3810 1312 3871 ridentur
1336 3827 1470 3887 vergere,
1501 3808 1579 3887 quod

298 3908 411 3984 ΙξβΙΙΙΙΙξ·
434 3906 441 3991 Ι
464 3917 590 3970 maturet
612 3919 741 3970 serrator
764 3913 851 3979 deus:
876 3931 941 3972 uam
965 3914 1033 3972 milri
1056 3914 1172 3992 quidem
1195 3912 1308 3972 cicietur
1330 3913 1478 3972 honestior
1501 3909 1579 3969 nuda

299 4028 426 4089 unquam
450 4011 538 4072 iuisso
561 4011 628 4072 helii
651 4031 768 4078 caussa.
791 4032 887 4092 neque
910 4016 1001 4092 magis
1024 4015 1195 4075 necessaria.
1328 4043 1332 4050 ·
1589 4032 1617 4071 as

361 4132 532 4174 urrrnnrs.
571 4113 621 4173 Est
643 4115 721 4191 ‹prrod
743 4117 798 4175 ais:
829 4132 895 4175 uarrr
918 4118 941 4176 si
964 4124 1042 4177 reete
1065 4117 1180 4195 quidam
1205 4117 1394 4196 imperatores
1417 4113 1578 4175 crudelium

366 4350 412 4399 ii.
428 4367 450 4410 e.
466 4356 493 4399 ot
515 4352 539 4399 si
558 4351 706 4399 Germania
730 4353 790 4416 ipsu
814 4369 843 4402 se
868 4361 1043 4404 contemnens
1067 4355 1160 4420 iugum
1184 4353 1257 4403 istud
1280 4356 1339 4418 poti
1364 4355 1465 4404 diutius
1484 4352 1578 4415 veliet,

301 4434 321 4466 ¹²
340 4435 486 4485 (ierinnnin
505 4438 527 4483 1.
581 4432 601 4466 ¹³
619 4435 772 4486 inimitieiis
792 4441 814 4486 1.
862 4436 883 4469 ²³
902 4440 1100 4504 cupiditissime
1121 4443 1142 4488 1.
1190 4437 1211 4470 ²⁸
1229 4436 1308 4502 notis]
1328 4439 1407 4489 nobis
1427 4443 1448 4488 1.
1497 4438 1519 4469 ³³
1537 4442 1579 4488 ui-

300 4520 408 4569 deretur
427 4523 449 4567 1.
474 4519 631 4568 riderentur
649 4525 672 4569 2.
726 4520 793 4562 mtt-
813 4523 844 4571 Iu
862 4525 950 4586 prunis
968 4527 1003 4573 ad
1022 4525 1156 4574 Iustintant
1168 4525 1262 4573 Noeetl.
1280 4530 1336 4571 rm.
1356 4542 1412 4588 cap.
1427 4529 1450 4574 8.
1465 4526 1488 4585 §.
1501 4529 1524 4574 1.
1539 4543 1580 4574 re-

299 4608 385 4670 xperit
403 4605 542 4666 straticum,
562 4605 603 4654 ubi
617 4608 784 4672 praecipitur:
808 4608 918 4672 „Siquis
938 4644 968 4667 ..,
989 4609 1075 4658 donrm
1096 4611 1123 4658 in
1142 4609 1393 4669 administratione,
1415 4611 1442 4658 in
1462 4625 1515 4674 qun
1535 4618 1581 4662 est

300 4691 393 4749 iudex,
415 4688 481 4736 iurti
496 4680 560 4740 ¹rens
580 4698 726 4756 apparent,
748 4700 775 4743 et
793 4695 816 4742 si
836 4693 966 4757 probetur
984 4699 1031 4742 out
1049 4694 1117 4742 ‹lnrrs
1137 4709 1243 4755 nurum,
1269 4699 1298 4743 ut
1317 4695 1438 4759 neeipint
1456 4696 1577 4746 admini-
