3382 5370
291 346 364 416 444
728 376 843 409 nannoni
868 376 1134 410 Psevuouvrrttnrcr.

293 543 368 599 τεοῖς
402 543 432 590 ut
453 533 614 596 cardinales,
648 535 694 608 qui
719 553 789 592 uuae
812 535 872 592 vita
900 535 1017 609 strepitu
1038 535 1146 608 quosvis
1170 534 1333 591 antecellunt
1360 543 1504 608 tyrannus.
1534 534 1568 589 ad

294 627 480 695 paupertatem
501 619 703 692 redigerentur:
725 629 755 675 ut
776 620 896 694 episcopi
918 619 1003 676 multo
1025 619 1191 676 contractius
1214 620 1345 680 viverent.
1374 619 1462 674 miuus
1487 618 1569 674 satel-

224 705 385 767 tatinum.
413 705 502 761 minus
523 703 626 760 alerent
647 722 793 779 equorum;
824 706 1010 768 decreverant,
1044 722 1076 759 ne
1099 706 1196 779 passim
1223 704 1372 762 cardinales
1391 703 1569 760 absorberent

292 791 478 865 episcopatus.
503 783 650 867 [altbatias
674 791 842 854 sacerdoeia;
866 808 899 846 uc
921 791 981 865 quis
1006 807 1075 845 uuus
1097 790 1188 864 plures
1214 790 1385 864 episcopatus
1407 788 1568 862 cerraplecte·

294 871 392 952 retua]
416 876 484 931 istos
509 875 554 948 qui
579 892 627 948 per
646 876 700 938 ias,
722 884 753 931 ut
774 876 894 938 aiebant,
925 877 1054 948 notasque
1077 883 1214 938 sescenta,
1240 875 1261 930 si
1285 876 1411 949 possent,
1431 874 1590 930 cumulante

292 960 456 1022 sacerdotia,
483 960 647 1017 coercendos
668 960 828 1028 censebant,
861 970 892 1017 ut
915 961 947 1016 iis
968 968 1059 1016 asserit
1086 962 1207 1017 contenti
1229 959 1366 1021 censibus,
1401 960 1447 1033 qui
1470 958 1568 1033 frugali

293 1045 425 1102 sacerdoti
442 1046 507 1101 satis
522 1054 627 1108 essent;
651 1047 841 1120 nequisquam
858 1054 1133 1102 crearetursummus
1152 1046 1273 1119 pentiles
1292 1053 1338 1099 aut
1358 1046 1501 1119 episeopus
1524 1053 1569 1100 aut

293 1131 418 1186 saeenlos
452 1130 605 1186 interventu
634 1148 774 1187 munerum
805 1139 852 1186 aut
879 1139 1005 1204 respectu
1033 1130 1131 1186 laseris
1160 1141 1206 1187 aut
1234 1131 1322 1204 turpis
1351 1130 1487 1203 obsequii.
1522 1129 1568 1185 sed

225 1216 429 1272 §.a-dumtaxat
451 1233 482 1271 en
505 1215 566 1270 vitae
590 1216 707 1278 nieritis;
742 1216 859 1290 quodsi
887 1224 1054 1289 compertum
1081 1224 1166 1277 esset.
1196 1216 1257 1272 ilice
1288 1214 1506 1277 sulmreseretur;
1540 1223 1569 1269 ut

292 1299 386 1357 liceret
408 1301 553 1356 Romanum
580 1300 732 1375 pontificem
761 1300 849 1375 palam
878 1300 1056 1357 facinorosum
1085 1300 1118 1355 ab
1147 1302 1249 1356 laoniae
1271 1298 1420 1372 depellere:
1452 1308 1483 1355 ut
1512 1300 1602 1372 epi-ie

293 1386 368 1459 scopi
391 1394 556 1442 scortatores
578 1403 608 1441 ac
632 1385 769 1442 temulenti
793 1385 962 1459 privarentur
984 1385 1229 1446 administratione:
1253 1393 1282 1439 ut
1305 1385 1458 1440 sacerdotes
1481 1383 1568 1458 palam

294 1470 439 1526 facinerosi
468 1487 521 1528 neu
552 1470 639 1526 solum
670 1471 835 1532 sacerdotio,
864 1488 954 1526 aerum
978 1470 1097 1526 mambre
1120 1471 1243 1544 eorporis
1272 1467 1477 1531 mutilarentur.
1507 1469 1571 1525 alia·

294 1573 346 1628 que
370 1555 395 1611 id
418 1573 503 1629 gertus
525 1555 672 1628 permulta,
701 1573 760 1611 nam
784 1556 871 1611 omnia
894 1555 996 1611 reterre
1019 1555 1107 1628 piget,
1137 1573 1195 1628 quae
1224 1571 1336 1629 prorsus
1360 1571 1392 1609 ee
1415 1554 1569 1616 tendebant,

295 1649 324 1695 ut
348 1657 397 1695 nos
421 1648 565 1695 onerarent
588 1641 777 1702 sanctimonia.
800 1641 899 1696 divitiis
922 1649 950 1697 et
973 1640 1085 1715 imperio
1109 1640 1266 1713 spoliarent.

225 1729 284 1778 tta.
357 1724 497 1780 Petrus.
534 1723 601 1792 Quid
623 1734 717 1781 contra
740 1726 796 1782 baec
818 1725 988 1781 statuebatur
1009 1725 1034 1780 ia
1050 1725 1097 1779 illo
1113 1733 1285 1780 sacrosancto
1300 1724 1415 1781 coneilio
1430 1724 1568 1780 Romano?
1583 1743 1604 1782 aa

359 1809 478 1864 lulius.
517 1809 567 1864 lam
591 1811 688 1865 videris
711 1810 774 1866 milri
798 1810 899 1866 oblitus
922 1811 994 1883 quod
1016 1810 1083 1871 (liri.
1107 1828 1148 1865 me
1171 1809 1237 1864 attat
1260 1809 1330 1865 aliud
1354 1827 1434 1883 agere
1453 1808 1571 1865 voluisse

295 1893 401 1950 concilii
430 1903 564 1968 praetextu
592 1895 642 1951 nisi
674 1903 704 1951 ut
730 1894 832 1951 clavum
863 1895 937 1951 clavo
966 1894 1103 1970 pellerent.
1147 1896 1249 1968 primus
1272 1894 1317 1950 ille
1338 1901 1486 1951 cenventus
1508 1911 1572 1950 cun·

296 1988 418 2052 sumptus
441 1978 598 2035 solennibus
621 1980 779 2054 quibusdam
803 1980 963 2037 ceremoniis
986 1997 1016 2034 ex
1039 1980 1200 2053 antiquitate
1223 1979 1337 2040 relictis,
1361 1998 1427 2053 aquas
1450 1978 1485 2034 ob
1504 1979 1573 2034 anti·

295 2064 424 2136 quitatem
449 2073 584 2138 utcunque
607 2065 694 2139 placet
717 2065 873 2128 observare,
896 2065 946 2121 etsi
970 2064 1036 2120 nilail
1060 2065 1092 2120 ad
1115 2082 1170 2120 reru
1193 2065 1345 2138 pertinent,
1369 2072 1476 2139 peracta
1497 2082 1571 2120 sacra

294 2149 361 2210 due,
385 2147 499 2205 alterum
521 2149 554 2205 de
577 2158 668 2206 sancta
690 2168 783 2210 eruce.
806 2150 920 2206 alterum
943 2151 975 2205 de
998 2158 1090 2205 sancto
1107 2149 1218 2223 spiritu.
1243 2158 1368 2223 tanquam
1384 2150 1463 2204 buius
1478 2148 1604 2207 alllatuae

226 2242 339 2292 §.sams
361 2242 502 2306 ageraton
534 2235 629 2291 deinde
652 2236 762 2291 recitata
786 2236 873 2292 oratio
897 2233 973 2309 plena
996 2233 1104 2291 laudum
1127 2251 1258 2293 mearum:
1292 2235 1415 2308 proximo
1442 2251 1572 2290 consessu

296 2328 393 2392 quanta
417 2319 441 2373 vi
463 2320 539 2392 potui
564 2328 631 2375 torsi
659 2319 760 2375 tulmen
784 2321 809 2374 in
834 2319 1019 2375 schismaticos
1048 2318 1109 2374 illes
1136 2319 1297 2380 cardinales,
1331 2319 1494 2393 plusquam
1526 2319 1573 2375 im-

295 2404 385 2477 pium,
409 2402 470 2478 plus
493 2421 572 2477 quam
595 2403 767 2478 sacrilegum,
792 2403 853 2478 plus
876 2422 953 2478 (quarm
978 2405 1132 2460 haereticum
1155 2404 1334 2477 pronuntians
1357 2404 1483 2478 quicquid
1507 2403 1572 2459 illud

227 2497 370 2551 §.at.esset
392 2488 463 2561 qued
487 2488 536 2544 iam
565 2489 725 2545 statuissent
751 2498 798 2545 aut
826 2498 945 2545 statuere
968 2497 1102 2563 pararent.
1147 2489 1228 2544 tertie
1251 2507 1381 2544 eiirrsessu
1403 2490 1496 2544 eodem
1521 2488 1573 2543 lul·

295 2572 365 2629 mine
389 2573 472 2630 terrui
495 2573 605 2629 Galliam
635 2575 762 2629 nundinis
784 2592 798 2629 a
819 2574 951 2647 Lugduno
975 2573 1127 2636 translatis,
1157 2582 1185 2629 et
1214 2574 1371 2647 aprilausdam
1393 2573 1484 2629 Galliae
1511 2589 1606 2647 par-ea

295 2657 367 2713 tibus
390 2659 545 2714 nominatim
569 2659 702 2732 exceptis.
737 2675 791 2732 que
815 2659 900 2732 magis
922 2657 1065 2714 alienarem
1087 2677 1100 2714 a
1124 2677 1188 2732 rege
1210 2658 1296 2732 plebis
1325 2659 1441 2721 animes.
1475 2667 1503 2713 et
1525 2658 1574 2714 ali·

295 2760 373 2816 quam
397 2743 467 2799 inter
491 2744 565 2817 ipses
587 2743 746 2800 seditionem
769 2745 920 2800 excitarem.
964 2746 1051 2816 Atque
1074 2744 1131 2800 baec
1154 2744 1244 2799 statim
1268 2751 1339 2804 acta,
1367 2760 1420 2816 tque
1443 2742 1505 2817 plus
1527 2742 1574 2798 lra-

295 2827 391 2884 herent
414 2827 601 2890 authoritatis,
624 2827 705 2884 bullis
728 2829 849 2902 praedita.
872 2829 904 2884 ad
927 2846 1019 2884 omnes
1042 2829 1101 2883 misi
1125 2829 1275 2902 principes.
1300 2829 1449 2902 [irresertim
1466 2828 1498 2882 ad
1522 2828 1573 2882 lias

297 2929 365 2985 quos
387 2912 508 2968 videbam
530 2913 556 2967 iu
580 2921 699 2969 uestram
722 2914 864 2969 lectionem
888 2913 1087 2986 propensiores.

227 3010 284 3061 §.aa
358 2996 494 3054 Petrus.
531 2999 565 3053 dt
587 3005 718 3072 praterea
741 2998 807 3053 nihil
830 3002 936 3054 actum?
1584 3011 1610 3051 eo

359 3081 478 3137 lulius.
516 3082 543 3137 ld
565 3091 653 3140 actum
675 3092 717 3138 est
740 3083 811 3156 quod
835 3082 969 3142 volebam:
992 3083 1056 3143 sici.
1086 3083 1108 3136 si
1132 3083 1212 3138 medo
1234 3091 1326 3138 rrirstra
1349 3083 1433 3138 valeut
1451 3082 1574 3142 decreta:

296 3176 351 3223 tres
368 3165 429 3222 illes
446 3166 593 3223 cardinales
610 3168 655 3241 qui
673 3168 852 3242 perstiterunt
870 3169 896 3223 in
911 3168 1023 3242 caeptis,
1046 3166 1205 3224 cardinalitii
1221 3167 1351 3239 ‹ligiritate
1367 3166 1483 3242 pimlieis
1498 3185 1574 3223 cere·

297 3331 488 3340 —..—--—--

361 3433 372 3466 ⁴
390 3431 493 3500 epotos.
515 3437 536 3484 1.
595 3435 723 3485 abbatiae
788 3435 1017 3500 complecteretur
1034 3452 1083 3486 non
1101 3435 1157 3485 deb.
1178 3439 1201 3486 1.
1211 3439 1249 3487 te.
1313 3435 1324 3465 ⁵
1342 3435 1446 3501 possint
1463 3439 1575 3485 2.3.5.8.

294 3517 488 3569 ⁸coercendos
509 3521 643 3571 terant.
675 3525 835 3569 coercerent
853 3524 932 3573 2.3.8.
1002 3520 1212 3571 trianensis.
1282 3521 1453 3569 lmunerum
1479 3524 1575 3572 tadi.

295 3608 521 3656 nemorumtaa.
557 3604 864 3658 ”demaenetum
901 3604 922 3636 ¹⁰
936 3602 979 3668 ab]
995 3604 1028 3652 eb
1044 3607 1066 3655 1.
1105 3603 1121 3634 ¹¹
1136 3605 1276 3668 priventur
1288 3608 1312 3653 8.
1348 3604 1575 3657 ”noanneane

296 3689 315 3720 ¹¹
328 3691 367 3738 nti
382 3692 462 3741 2.3.8.
498 3688 627 3752 diuitijl.
664 3687 684 3719 ¹⁵
697 3690 767 3751 Quid
781 3691 867 3754 igitur
879 3706 902 3738 e.
918 3693 1026 3741 2.3.5.8.
1064 3688 1339 3740 mmihividerisobl.
1354 3690 1575 3753 idq.2.3.5.8.15.

229 3816 231 3821 .
295 3772 513 3839 inelin102.3.8.
577 3772 669 3823 nilla.
741 3772 895 3839 ¹⁷eluvum]
919 3775 960 3823 En
979 3774 1076 3822 itonam
1097 3772 1245 3836 (atam.)
1265 3781 1357 3822 notum
1377 3774 1575 3823 GraeeieLati-

295 3860 390 3923 nisque
415 3857 602 3923 proverbium,
625 3845 682 3923 ἥλῳ
700 3850 750 3907 τὸν
768 3844 837 3922 ἧλον
855 3849 1015 3922 ἐκκρούειν,
1039 3850 1170 3923 παττάλῳ
1187 3852 1237 3908 τὸν
1254 3853 1409 3916 πάτταλον,
1429 3859 1488 3907 sive
1509 3844 1576 3923 ἧλος

294 3936 345 3993 τόν
362 3929 446 4008 ἧλον,
464 3935 604 4000 adtentos
622 3938 671 3991 τὸν
689 3935 839 4001 πάτταλον,
859 3945 917 3993 sive
930 3931 987 4008 ἥλῳ
999 3938 1049 3992 τὸν
1061 3930 1130 4008 ἧλον
1143 3960 1163 3995 a.
1178 3934 1192 3992 ὁ
1206 3931 1281 4008 ἧλος,
1301 3950 1326 3991 et
1339 3943 1454 4004 similia;
1472 3944 1576 3993 Latine

296 4028 402 4078 olavum
421 4027 508 4087 clavo,
528 4026 630 4091 paxillo
648 4027 777 4091 paxillum
797 4031 812 4080 i.
826 4045 848 4078 e.
868 4028 989 4090 trudere,
1010 4028 1125 4092 pellere,
1147 4021 1245 4078 eicere.
1268 4029 1305 4091 Cf.
1328 4029 1475 4091 lliupentan.
1494 4031 1526 4078 V.
1538 4027 1577 4081 te.

294 4130 316 4163 c.
330 4118 440 4176 interpp.
461 4119 486 4160 et
504 4111 607 4159 Eresnti
622 4112 697 4172 adep.
718 4111 830 4162 Clavum
850 4113 937 4163 clave.
1008 4111 1060 4144 ¹⁷⁴⁸
1079 4114 1247 4178 consumptis
1264 4116 1372 4165 aeta.
1420 4121 1579 4162 consumtus

297 4200 380 4247 reat.
418 4195 438 4227 ¹²⁴
458 4196 622 4259 antiquitate
642 4198 780 4248 estere.
806 4199 954 4247 autoritate
973 4198 1104 4261 (cuuth.)
1123 4201 1205 4248 2.3.8.
1244 4197 1294 4230 “³¹⁰
1313 4197 1505 4261 antiquitatem
1526 4201 1577 4248 Li,

296 4285 380 4331 maa.
413 4281 590 4329 autoritatem
611 4280 699 4329 adhuc
717 4284 798 4331 2.3.8.
830 4282 918 4331 adhue
936 4283 1010 4332 babet
1028 4291 1102 4332 ettam
1120 4288 1143 4332 5.
1181 4282 1199 4314 '⁹
1220 4284 1350 4334 eisitto.
1383 4282 1492 4331 etiamsi
1507 4286 1577 4336 215.

299 4367 381 4414 etiam
400 4366 424 4414 si
443 4368 523 4416 3.5.8,
567 4363 588 4396 ²³
607 4364 667 4429 plus
686 4364 775 4431 quam]
795 4372 923 4431 tanquam
944 4370 982 4416 11.
1002 4367 1056 4417 Sed
1072 4370 1105 4430 es.
1124 4383 1203 4431 saepen
1221 4370 1256 4416 nri
1272 4366 1448 4428 §.illudunt
1488 4366 1510 4397 ²¹
1530 4376 1580 4418 aut

296 4451 351 4499 iam
369 4450 564 4502 ¹2.3.5.8.11.!5.
617 4448 794 4499 ”intereos
814 4454 854 4500 15.
907 4452 928 4483 ²⁸³
948 4468 1007 4501 esse
1027 4455 1247 4517 prop‚2..t.8.11.
1304 4450 1579 4504 ³¹ualebrtut2.3.5.

296 4538 362 4586 dil.
415 4533 436 4565 ³²
455 4541 511 4583 tres
528 4532 600 4600 illes]
620 4536 702 4584 Huine
719 4536 877 4586 coaamliubalt
894 4534 1012 4602 [Hanni]
1030 4544 1146 4587 erectores
1161 4538 1237 4600 suere
1250 4537 1428 4586 Bernurrlinna
1442 4537 1582 4587 Cormaeiol

296 4620 441 4683 Hispanus.
460 4619 622 4680 Sabinorum,
641 4628 665 4669 et
686 4621 825 4671 Guilletmna
845 4621 995 4670 Brissnnetn
1015 4623 1111 4680 Gallus,
1136 4623 1350 4672 I’ro'nestinernni
1369 4622 1494 4685 Episcopi
1514 4624 1579 4671 Cor-

296 4706 407 4762 dinntes,
426 4704 576 4754 Franciacna
593 4705 694 4770 Borpia
711 4706 854 4770 Hispanus,
880 4707 1093 4770 Arebicpiaeopns
1113 4709 1260 4757 sesentiens
1277 4715 1301 4757 et
1321 4708 1447 4756 libertatus
1464 4722 1509 4756 seu
1528 4710 1580 4758 tte-
