3382 5370
271 327 317 399 64
566 344 617 394 111.
686 359 824 394 vrsavnva
845 361 866 393 s.
886 361 966 395 avrea.
1003 361 1150 395 oraeouvs.
1171 345 1256 410 (tote.)

268 513 349 582 xisti,
383 512 562 582 admirabar,
598 514 718 573 restium
742 515 882 582 nitorem,
917 533 1021 574 aurum
1044 522 1073 575 at
1094 533 1239 593 gemmas,
1274 532 1308 574 aa
1336 513 1400 574 ilios
1428 514 1552 576 Arabiae

269 613 380 675 olentes
402 621 580 692 purpuratos
603 615 727 675 atdans
750 616 886 684 verebar:
910 615 1014 676 deinde
1037 618 1133 693 magui
1157 616 1297 676 faciebam
1320 617 1355 676 iis
1375 617 1551 681 eorvrersari.

269 717 304 776 ad
328 734 453 795 utrorum
476 723 664 794 conspectum
688 719 774 778 etiam
796 736 908 778 srrmma
932 719 1116 777 contentione
1138 718 1264 778 maxima
1291 736 1369 795 sepe
1397 717 1551 778 nruititmio

268 825 472 896 prorurreret‚
495 819 587 897 iisque
609 818 734 897 colloqui
757 827 909 880 eteorum
934 818 1123 880 familiaritate
1145 820 1273 888 conseri,
1296 839 1329 879 ar
1352 818 1414 879 iiias
1435 819 1551 879 aiieoto·

269 920 336 980 iram
359 920 570 987 immunitates,
600 928 628 981 et
650 920 752 980 divites
774 939 877 981 onmes
898 919 1036 998 putaitam
1059 922 1107 1000 qui
1129 924 1170 983 sic
1198 930 1390 990 (eruerentur,
1425 936 1572 1000 eumque-‘2

201 1074 203 1078 a
269 1023 476 1101 patrimonium
499 1021 568 1082 miiri
591 1029 667 1082 osset
688 1023 895 1099 perexiguum,
919 1020 1002 1082 iaeiie
1024 1023 1081 1082 iroc
1101 1021 1166 1081 loeo
1182 1024 1324 1085 ditescere
1339 1022 1551 1101 proponebam.

269 1124 400 1203 quemdam
423 1130 563 1200 praeterea
587 1124 670 1183 insita
693 1124 746 1184 init.
768 1131 796 1183 rt
816 1125 955 1184 inveniet
971 1125 1120 1201 imperito,
1145 1133 1176 1185 ut
1192 1124 1303 1194 multis
1327 1125 1461 1185 ambitio:
1485 1143 1551 1184 nam

268 1225 424 1305 aliquando
446 1227 545 1286 videns
568 1244 600 1284 ox
625 1223 725 1286 aulicis
748 1232 917 1286 reverenter
938 1224 1050 1303 aliquos
1072 1225 1213 1303 appeiiari
1236 1245 1270 1286 ar.
1293 1228 1370 1286 orari
1393 1226 1429 1287 ab
1453 1228 1486 1286 iis
1502 1227 1552 1305 qui

268 1327 375 1407 aliquid
398 1328 475 1405 apud
498 1328 658 1405 prinoipem
682 1326 852 1405 raptabant,
887 1326 992 1387 deiude
1014 1327 1186 1390 muneribus
1208 1348 1325 1412 quoque
1354 1328 1428 1406 peti.
1464 1327 1553 1387 reivar

269 1449 371 1491 oriones
392 1430 421 1489 in
444 1428 509 1490 auia
532 1435 755 1489 eorrsueseentes
777 1429 904 1506 potentia
927 1428 1084 1507 plurimum
1107 1429 1218 1498 vaiere;
1242 1450 1276 1490 ae
1299 1429 1381 1490 iariio
1397 1429 1551 1490 audiebam
1564 1444 1586 1483 te

270 1533 387 1592 cottidie
411 1533 594 1609 increpantes
616 1550 663 1591 me
686 1531 731 1590 iris
754 1530 862 1599 verbis,
887 1529 972 1601 ‘Ouin
996 1540 1026 1592 tn
1049 1532 1078 1591 in
1100 1531 1196 1592 aniam
1217 1539 1247 1591 te
1271 1533 1403 1599 coniers,
1428 1539 1460 1592 ut
1483 1550 1551 1609 pro·

271 1635 365 1694 ‘desse
388 1644 416 1693 et
439 1632 489 1692 tiivi
511 1634 604 1710 possis
627 1640 655 1692 et
677 1632 812 1692 omuiivus
834 1633 908 1702 tuis,
932 1631 1056 1712 aliquam
1080 1633 1202 1712 adeptus
1224 1633 1429 1711 praefecturam
1450 1642 1500 1694 aut
1515 1635 1550 1694 ad

201 1745 260 1796 aaa.
271 1735 396 1814 ‘aliquod
420 1742 572 1813 promotus
593 1734 719 1794 oiiicium
743 1732 785 1794 vei
809 1733 892 1794 aiiter
914 1736 1037 1814 principi
1060 1734 1197 1795 oivarusi'
1220 1734 1286 1805 liis,
1310 1734 1411 1805 Casta,
1435 1736 1551 1815 Syreui·

269 1838 325 1899 itus
347 1856 414 1898 eum
437 1837 648 1903 oocinuissent,
671 1855 767 1914 neque
789 1819 843 1912 ego
866 1835 974 1916 Uipssis
997 1835 1116 1897 consilio
1139 1855 1206 1897 aera
1228 1835 1432 1898 oivtimrassem
1455 1856 1550 1906 aures,

268 1938 497 2001 subvertentium
519 1957 566 1998 me
588 1937 699 2017 praebui
722 1938 862 2016 dereptus
884 1940 988 2008 miser,
1012 1958 1077 1999 curn
1107 1939 1225 1998 minime
1247 1941 1498 2016 prmseutisrerem
1521 1941 1549 1999 iu
1564 1956 1586 1995 u

269 2061 333 2121 opum
356 2039 430 2102 meda
453 2041 511 2101 deo
533 2042 607 2101 irato
629 2059 695 2101 meu
717 2039 914 2118 provolverer.
959 2059 1025 2100 uam
1048 2039 1117 2119 quid
1141 2048 1233 2101 vestes
1255 2040 1420 2100 admirabor
1447 2040 1552 2101 stultus

269 2163 333 2223 quae
355 2152 492 2203 trmreum
515 2145 599 2203 otiam
623 2149 728 2203 ornant
750 2148 779 2201 ot
799 2143 928 2202 animum
951 2160 1009 2200 non
1032 2150 1174 2218 ar·guuut‚
1209 2161 1275 2202 eum
1305 2162 1340 2203 ex
1363 2144 1459 2202 animo
1483 2160 1551 2201 eon·

269 2255 325 2307 stet
346 2246 451 2312 homo,
480 2263 535 2305 neo
563 2245 688 2304 adeum
717 2242 823 2322 aliquid
853 2245 996 2322 pertineat
1024 2263 1127 2304 eorum
1155 2262 1219 2322 quae
1248 2245 1375 2304 exterius
1403 2244 1552 2304 adhaerent

269 2348 404 2426 corpori?

200 2463 258 2514 tot.
332 2467 459 2511 oasrvs.
497 2449 561 2520 Quo
584 2449 679 2508 minus
701 2445 764 2507 iiios
786 2448 848 2507 iero
871 2449 920 2527 qui
935 2446 1069 2508 monaehi
1086 2457 1242 2517 vorantur,
1266 2449 1314 2527 qrri
1330 2447 1413 2508 nobis
1429 2448 1585 2508 vestituum

270 2551 461 2614 ostentatione
485 2548 582 2611 volunt
604 2549 802 2609 sanctimoniae
824 2549 991 2626 opinionem
1014 2567 1198 2627 persuasam:
1227 2553 1312 2611 etiam
1336 2552 1397 2628 ipse
1419 2550 1476 2610 ivor
1498 2549 1550 2610 iro-

269 2659 378 2716 miuom
402 2669 495 2731 geum
517 2649 599 2711 vaide
621 2651 780 2712 detestatus
802 2659 846 2710 est
868 2651 1018 2720 Christus,
1041 2669 1128 2729 quem
1152 2672 1206 2730 vrgo
1229 2652 1317 2713 oredo
1338 2669 1404 2712 cum
1420 2652 1448 2710 in
1464 2653 1551 2711 terris

269 2764 345 2817 osset
366 2755 436 2816 niirii
458 2753 541 2814 aliter
563 2759 650 2830 atque
671 2751 742 2813 aiios
764 2752 897 2813 homines
919 2753 1047 2814 vestibus
1074 2773 1170 2815 usum.
1216 2754 1245 2814 iri
1271 2762 1368 2814 autem
1397 2772 1470 2832 quas
1491 2772 1550 2813 aton

268 2859 449 2921 diversitates
471 2854 653 2933 excogitant?
676 2855 704 2914 iu
727 2855 804 2933 qrrod
828 2873 859 2916 se
881 2873 939 2914 non
963 2864 1127 2916 monstrum
1150 2857 1374 2923 transformant,
1404 2861 1437 2915 ut
1463 2873 1550 2933 quam

270 2961 394 3022 inarime
416 2956 567 3018 dissimiles
589 2958 664 3017 sinti
697 2957 791 3036 Atqrre
813 2957 841 3017 in
865 2956 910 3016 ivis
939 2955 1014 3017 aiiud
1039 2957 1194 3019 i'ranoisoo
1222 2958 1343 3038 piaouit,
1377 2955 1454 3017 aliud
1476 2957 1585 3017 Ber-u

269 3063 377 3131 nardo,
401 3059 483 3120 aiiter
506 3061 596 3120 visum
620 3057 852 3127 estimatione,
875 3057 959 3118 aliter
982 3059 1052 3119 aiiis.

200 3184 260 3235 §.o-r.
332 3180 495 3225 nraavnvs.
533 3160 635 3238 Neque
660 3159 730 3220 iiiud
760 3160 891 3221 videbam
919 3162 1027 3222 uvrdtos
1055 3166 1097 3223 sio
1125 3163 1241 3222 vestitos
1268 3160 1401 3239 plurimis
1435 3162 1551 3223 iuterim

270 3285 371 3345 egere:
395 3270 462 3324 sunt
484 3263 560 3322 enim
583 3262 636 3322 ista
660 3281 716 3321 nora
740 3282 774 3323 ex
798 3264 1024 3342 vuuusouinsque
1047 3262 1197 3330 incivitate,
1221 3262 1271 3322 sed
1293 3265 1502 3325 evvrrsuetudine
1517 3283 1551 3325 ao

270 3367 399 3428 moribus
422 3363 508 3434 auiae,
538 3383 602 3444 (prim
625 3364 685 3424 vuit
713 3364 846 3424 iroruines
875 3365 1078 3435 iaetaimudos,
1110 3372 1317 3429 ostentatores.
1352 3365 1494 3442 gloriosos
1517 3385 1551 3425 ar.

268 3469 451 3547 nragvriiroos,
474 3468 524 3545 qui
545 3486 576 3527 so
599 3468 678 3527 omni
700 3467 772 3527 ioris
793 3466 1000 3545 prdcirritudini
1023 3487 1058 3528 oo
1079 3469 1220 3528 venustati
1247 3467 1445 3537 conforment,
1480 3486 1584 3528 ervuvoo

268 3573 345 3631 intus
367 3568 508 3638 morbidi,
532 3576 696 3629 marcentes
719 3587 753 3629 ao
776 3570 848 3629 mire
870 3570 1010 3630 iuiormes
1031 3571 1103 3638 sint,
1127 3568 1251 3639 simiies,
1280 3575 1312 3629 ut
1334 3569 1404 3629 miiri
1426 3569 1549 3634 videtur.

264 3741 402 3802 videmus,
422 3739 470 3791 eod
489 3741 651 3804 optimorum
675 3739 952 3804 gravissimorumque
976 3739 1143 3803 ‹priorundam
1166 3741 1284 3789 virorum
1308 3739 1550 3789 commendationi·

264 3827 315 3877 bus
333 3827 433 3885 fretus,
453 3825 506 3875 imo
525 3841 590 3875 vero
608 3823 746 3889 Principis
765 3824 851 3889 ipsius
870 3824 968 3874 studiis
986 3825 1110 3889 votisque
1130 3824 1268 3889 expetitus
1287 3825 1448 3874 adveneras.
1473 3825 1550 3874 errius

264 3928 317 3979 ogo
341 3912 446 3962 foetum
468 3909 583 3960 mirifice
607 3907 688 3957 lurido
707 3908 924 3972 proboque...''
980 3906 1045 3958 ²iis
1063 3910 1098 3960 II.
1116 3909 1160 3958 iris
1178 3911 1236 3958 odei.
1294 3906 1411 3973 ⁴iisque
1429 3909 1464 3958 ΙΙ.
1493 3906 1547 3958 iris·

264 4013 315 4063 que
334 3999 394 4047 edd.
445 3994 564 4045 ⁷.Nom
582 3995 618 4044 II.
671 3992 921 4045 Βὶί311.1ιι“333131.
975 3992 995 4026 ¹⁰
1013 3995 1073 4044 .Ae
1091 3995 1128 4044 H.
1181 3993 1200 4026 ¹¹
1220 3994 1341 4059 quotidie
1361 3997 1404 4044 13.
1458 3991 1478 4024 ¹³
1497 3994 1548 4043 His

264 4098 315 4146 ego
333 4083 393 4132 edd.
413 4095 464 4145 ego
482 4081 531 4129 dei.
545 4080 581 4129 H.
652 4075 673 4109 ¹⁴
692 4093 764 4127 caeru
782 4080 841 4128 edet.
870 4086 969 4143 praeter
986 4082 1029 4128 13.
1048 4095 1146 4136 omnes,-
1169 4086 1251 4129 torrteu
1272 4096 1325 4129 eron
1347 4094 1395 4127 nou
1420 4081 1471 4143 ipsi
1485 4081 1548 4127 seri·

262 4175 353 4232 ptores
374 4167 422 4215 aad
442 4180 531 4229 operae
553 4179 577 4214 ae
601 4179 626 4213 m
651 4178 665 4212 e
688 4165 867 4226 persuademur,
892 4179 956 4213 oora
973 4180 1026 4213 carru
1040 4167 1083 4213 13.
1095 4165 1197 4228 scripsi.
1228 4180 1277 4213 ooo
1295 4165 1382 4214 eodem
1400 4180 1442 4212 res
1460 4171 1498 4212 eae
1515 4164 1547 4212 de

262 4254 331 4317 satae
349 4266 393 4301 risu
411 4252 505 4299 litterae
522 4263 605 4312 ypra
624 4248 645 4305 i,
664 4249 801 4312 superfluat
818 4248 836 4298 n
853 4256 877 4299 et
894 4249 1021 4299 siveritidoe.
1076 4264 1156 4298 urmes
1178 4248 1366 4298 obthurosaem
1391 4247 1449 4309 (ertit
1470 4249 1547 4297 obiu-

264 4335 382 4401 rassem)
400 4336 459 4384 edd.
491 4334 678 4383 obthuruasem
698 4329 771 4397 attrei
783 4334 820 4383 II.
857 4332 1046 4397 (obdurosaem
1064 4335 1168 4399 ammisit
1185 4341 1211 4383 et
1228 4338 1356 4382 ueritatem
1379 4340 1404 4382 et
1424 4334 1548 4383 Latinita-

263 4428 312 4469 tem
326 4420 430 4484 puriter
447 4422 579 4483 nepiepeos
597 4417 653 4482 13.)
704 4416 727 4451 ²⁰
744 4433 879 4469 nouacnr.
898 4421 923 4468 iu
941 4436 1019 4484 auorp.
1038 4423 1063 4468 5.
1115 4418 1135 4450 ²¹
1154 4418 1248 4468 Etiam
1265 4420 1467 4483 ipsomestli.
1487 4433 1546 4467 oum

264 4505 407 4557 hoa..sit
424 4505 482 4554 edd.
536 4503 557 4535 ²¹¹
576 4504 631 4554 siut
649 4521 698 4570 per
715 4504 808 4552 omnio
825 4505 883 4553 edd.
901 4511 1000 4567 praeter
1018 4507 1062 4553 13.
1103 4501 1125 4534 ⁸¹
1143 4504 1215 4554 istud
1234 4507 1277 4553 1³.
1317 4502 1339 4535 ²⁹
1357 4503 1548 4567 uniuscuiusrp

264 4593 299 4641 ll.
319 4589 457 4640 hominum
474 4590 534 4639 edd.
585 4590 607 4622 ³⁰
625 4591 799 4640 conformant
816 4590 875 4638 edri.
888 4605 956 4638 corr.
971 4589 1008 4637 H.
1061 4588 1082 4620 ³¹
1102 4590 1206 4638 sinunt
1224 4590 1347 4639 m.r.ll.
1376 4595 1405 4637 nt
1423 4605 1457 4640 m.
1471 4603 1496 4636 r.
1510 4588 1546 4637 si-

264 4675 343 4726 miies
359 4676 419 4726 edd.
