3382 5370
257 327 304 397 84
519 336 584 387 ΠΙΙ.
652 347 788 385 rorarent.
824 345 963 382 nrauoors
981 344 1164 380 nvrramcvs.
1185 328 1271 393 (tato.)

319 526 490 570 urrunnun.
528 506 564 564 dt
592 505 743 564 fortuitum
771 502 828 563 lroe
856 519 913 561 nou
942 502 1008 568 luit,
1037 500 1087 560 sed
1117 498 1262 578 quoddam
1290 497 1378 558 eredo
1406 496 1535 557 divinum

257 610 418 672 eonsilium.

320 730 470 773 roa'rvm.
507 708 571 770 Non
594 708 723 787 disputo,
746 705 793 767 ille
816 725 883 767 vero
906 707 930 766 si
952 712 1113 783 remergat,
1137 703 1205 783 quid
1229 721 1292 764 esse
1313 702 1407 770 dices,
1437 718 1535 761 easurn

257 833 294 875 an
317 811 545 893 providentiam?

190 933 249 983 noo.
322 933 493 975 rrrrrunrs.
533 911 589 972 l’or
611 912 697 980 deos,
720 910 796 971 lraud
820 911 888 969 satis
909 911 984 979 seio}
1008 928 1062 969 uec
1084 907 1147 968 illos
1169 907 1244 967 seire
1265 905 1349 966 rideo
1371 907 1556 966 acutissimes

258 1019 314 1079 boo
336 1019 385 1096 qni
408 1016 568 1093 disputant:
592 1031 659 1073 narn
683 1011 766 1071 bonis
788 1012 901 1091 quoties
923 1011 998 1071 lione
1014 1019 1072 1078 ost,
1096 1011 1150 1070 diis
1165 1009 1274 1071 babere
1289 1010 1411 1087 gratiam
1428 1008 1537 1075 iubent,

258 1119 306 1198 qui
329 1136 398 1178 suos
421 1116 590 1195 respiciant;
620 1115 762 1192 siquando
791 1112 881 1182 male,
911 1113 996 1173 deum
1021 1131 1084 1173 esse
1106 1114 1201 1180 aiunt,
1230 1113 1279 1190 qui
1307 1129 1376 1172 snos
1404 1117 1536 1171 exorbeat

260 1221 403 1300 pationtiae
425 1226 453 1278 et
475 1216 695 1294 mquarrirnitatis
717 1217 947 1294 experimentum
969 1216 1006 1276 do
1027 1213 1082 1274 illis
1097 1232 1223 1275 sumens.
1261 1221 1361 1274 eontra
1377 1212 1538 1292 malisque

191 1323 381 1383 interranea
405 1321 591 1397 ‹trintinguut,
615 1336 731 1398 pomam
753 1319 996 1397 interpretantur:
1018 1318 1112 1396 siquid
1128 1334 1270 1395 prospere
1285 1315 1361 1376 eedit
1378 1316 1453 1393 (aridi
1468 1333 1538 1376 vero

258 1442 315 1501 qua
338 1421 496 1482 subtilitate
519 1428 637 1481 eventus
659 1420 801 1480 rationem
824 1417 978 1495 adierunt),
1003 1418 1089 1479 deum
1112 1420 1192 1478 aiunt
1207 1417 1283 1477 bona
1299 1417 1440 1497 improbis
1456 1418 1573 1485 darem

258 1534 289 1585 nt
312 1525 346 1585 ad
370 1521 474 1584 melius
496 1520 657 1600 degendam
677 1523 762 1581 ritam
784 1520 960 1598 benignitate
983 1539 1034 1580 eos
1056 1528 1083 1580 et
1106 1519 1294 1581 beneficentia
1318 1522 1431 1580 invitet:
1460 1527 1539 1579 reete

258 1626 400 1690 arbitror.
432 1626 486 1684 uisi
509 1623 647 1683 invidiose
670 1623 726 1683 boe
748 1630 869 1701 agerent
890 1621 1036 1702 plerique,
1066 1623 1103 1683 ab
1133 1630 1237 1682 eventu
1266 1622 1432 1682 estimanda
1454 1621 1540 1700 plane¹

262 1729 334 1788 lauta
359 1734 508 1806 partantes:
542 1742 609 1784 nam
632 1726 679 1795 cui
703 1725 799 1784 larent
826 1725 850 1782 si
879 1743 1020 1804 prospere
1049 1725 1146 1790 nealal,
1181 1725 1345 1785 necessario
1373 1723 1448 1783 bene
1477 1741 1540 1782 osse

259 1829 344 1890 bono·
359 1829 454 1896 aiunt,
482 1827 564 1904 qrrasi
587 1825 643 1884 boo
665 1825 747 1886 laetis
769 1827 907 1886 contiuuo
930 1826 1070 1886 meruerit
1095 1824 1157 1895 ille,
1186 1824 1279 1905 qrralis
1307 1824 1399 1904 qualis
1428 1832 1485 1889 est:
1517 1825 1540 1882 si

191 1929 428 1996 asstantium,
454 1942 537 2004 'aporos
559 1927 660 1995 amat',
684 1928 832 2005 inquiunt,
856 1935 982 1988 ‘exercet
1009 1927 1099 1988 deus'.
1144 1947 1239 2006 neque
1261 1927 1296 1987 de
1323 1927 1444 1987 inimicis
1472 1928 1539 1986 item
1552 1941 1574 1979 ta

260 2031 343 2092 aliter
367 2030 510 2099 induant,
534 2027 641 2106 uiribus
662 2028 698 2089 ad
721 2036 786 2089 vota
808 2028 982 2090 trahentibus
1004 2031 1114 2098 onmia,
1144 2029 1222 2090 mille
1250 2030 1288 2089 ibi
1311 2032 1467 2090 sententias
1489 2028 1539 2088 ad·

260 2133 386 2201 ducunt,
410 2150 463 2191 eur
487 2148 695 2209 nonnunquam
718 2129 794 2191 boue
816 2149 879 2191 esse
902 2129 984 2191 malis
1006 2133 1132 2210 patiatur
1155 2131 1240 2201 dene,
1264 2139 1363 2191 contra
1386 2131 1436 2192 nbi
1459 2148 1541 2191 arer-

260 2234 330 2295 brrrn
354 2231 497 2312 estquod
520 2232 629 2300 everrit,
654 2230 780 2292 ‘Nullum
803 2239 847 2293 ost
868 2234 1051 2313 impunitnm'
1081 2233 1181 2293 dieunt
1204 2233 1290 2312 ‘apud
1314 2232 1399 2295 ileum
1423 2231 1560 2296 malunt·

260 2337 344 2398 sicuti
367 2354 421 2394 neo
450 2334 558 2393 bonum
591 2333 836 2393 irremuneratum
864 2333 1000 2414 aliquod,
1035 2343 1085 2394 aut
1112 2353 1181 2394 rero
1209 2335 1344 2394 ‘sciebam
1371 2336 1543 2413 puniturum

262 2439 387 2499 bominis
415 2433 630 2513 improbitatem
660 2433 766 2503 deum',
800 2433 844 2495 rel
872 2434 940 2497 illud
971 2444 1112 2515 usurpant
1141 2436 1343 2504 llomerirum,
1372 2435 1437 2514 ἔχει
1464 2429 1578 2507 netga

264 2537 399 2600 ἔκδικον
421 2531 524 2616 ὄμμα,
552 2534 776 2620 produouutqne
804 2538 834 2596 iu
862 2539 975 2597 tertiam
1005 2556 1213 2616 nonnunquam
1236 2539 1452 2617 generationem
1474 2556 1543 2616 sup·

194 2640 383 2720 §.optinum
406 2638 541 2698 divitium.
587 2638 617 2697 Si
646 2641 752 2714 rprrmris
783 2646 879 2699 tamen
907 2657 960 2717 ego
989 2641 1056 2718 qiud
1079 2641 1200 2700 sentiam
1224 2639 1259 2699 de
1282 2648 1404 2719 tyranno
1426 2641 1451 2701 si
1472 2642 1543 2700 resi·

263 2741 326 2809 liat,
350 2740 396 2801 dei
420 2737 595 2798 voluntatem
619 2757 681 2800 esse
704 2738 884 2800 arbitrabor:
912 2739 959 2800 ille
988 2759 1103 2820 nanque
1126 2743 1160 2801 iis
1183 2741 1265 2802 lactis
1287 2742 1413 2801 ostendit
1434 2742 1490 2802 boo
1513 2761 1544 2800 se

265 2863 350 2924 posse
373 2841 450 2921 qrrod
474 2842 615 2918 seriptum
638 2849 696 2910 est,
722 2841 870 2920 ‘Deposuit
893 2849 1025 2921 potentes
1047 2844 1083 2903 de
1106 2843 1174 2904 sede
1197 2851 1225 2904 et
1247 2843 1380 2904 exaltarit
1401 2842 1542 2904 bumiles'.

326 2963 477 3005 ronanus.
516 2942 728 3003 llstentatorem
759 2943 845 3003 denrn
882 2961 999 3012 narras;
1033 2945 1085 3006 sod
1118 2944 1247 3006 desinam
1282 2963 1414 3023 qrraerere
1441 2964 1474 3006 ea
1507 2946 1578 3006 artos

265 3065 329 3127 qrrae
345 3054 372 3106 te
395 3042 469 3104 male
491 3062 702 3122 responsurum
724 3045 781 3104 iam
803 3053 869 3105 anto
891 3047 960 3105 seio.
999 3044 1037 3106 illi
1061 3049 1109 3124 qni
1134 3055 1252 3108 eventus
1273 3065 1371 3108 rerum
1395 3049 1437 3108 sio
1456 3050 1544 3108 inter·

264 3154 417 3229 pretantur
440 3152 471 3204 nt
492 3146 549 3212 ais,
584 3147 673 3224 inepti
700 3145 771 3206 mibi
800 3146 934 3207 videntur
962 3156 990 3207 et
1018 3147 1084 3208 odio
1107 3149 1199 3228 digni,
1230 3149 1465 3227 quarnloquidem
1490 3150 1545 3210 boc

266 3248 385 3311 uorrsilio
407 3264 555 3324 nunquam
578 3248 647 3325 ipsis
670 3246 751 3308 deest
773 3251 846 3308 ratio
869 3248 1005 3328 quiequid
1029 3257 1093 3310 utnt
1108 3258 1209 3328 agatur
1224 3269 1310 3329 quarn
1326 3249 1471 3320 adierant3
1494 3250 1545 3310 sed

267 3350 414 3429 quodnam
436 3349 493 3408 lroe
515 3348 664 3409 bominum
687 3367 779 3428 genus
801 3352 862 3410 estl

199 3461 257 3516 §.ro
330 3470 502 3513 tirrannus.
539 3449 679 3529 Tbeologi
700 3459 849 3512 vocantur.
1554 3467 1580 3509 oo

330 3568 480 3616 ronrvua.
519 3554 612 3629 dtrpro
634 3552 721 3613 iidem
742 3572 802 3613 non
824 3555 944 3634 cupriunt
966 3554 1049 3615 ditari
1070 3556 1216 3617 interdum
1239 3565 1267 3618 et
1289 3557 1361 3636 ipsi?

330 3674 502 3716 rrvrrenvs.
540 3654 631 3714 lnnno
654 3672 722 3714 vero
744 3656 875 3732 pecuniae
897 3655 992 3716 studio
1013 3664 1149 3718 tenentur
1171 3660 1331 3737 inprimis,
1355 3668 1546 3738 poteruntque

267 3774 390 3818 revera
412 3754 536 3823 divitias,
561 3774 627 3815 omn
649 3756 727 3814 inani
751 3755 838 3816 uerbo
861 3757 1040 3818 detestentur
1063 3767 1177 3820 utrem
1200 3759 1331 3821 lrirolam
1355 3768 1383 3821 et
1405 3762 1547 3821 felicitatis

269 3867 432 3937 expertenr;
456 3855 701 3934 qrrenradmodum
724 3855 770 3918 illo
791 3858 947 3936 bloguntiao
969 3878 1077 3938 nuper,
1100 3879 1166 3921 rum
1189 3869 1247 3920 tota
1270 3863 1324 3921 rita
1341 3861 1548 3940 proclamasset

269 3963 298 4021 in
320 3960 421 4020 dirites
444 3966 471 4018 et
493 3961 647 4037 pecuniam
669 3958 834 4020 damnasset
856 3968 985 4022 extremo
1008 3964 1127 4040 eiusque
1142 3982 1227 4023 nsum
1243 3961 1400 4041 relegasset
1413 3964 1450 4025 ab
1466 3966 1582 4024 onnri³⁵

268 4063 436 4139 longissime
458 4059 602 4138 probitate
624 4066 652 4119 et
674 4060 853 4130 innocentia,
877 4065 1005 4124 moriens
1027 4063 1142 4143 reliquit
1163 4067 1226 4126 anri
1249 4064 1329 4126 raldo
1344 4065 1482 4134 multum,
1506 4066 1547 4125 id-

271 4180 328 4240 que
350 4162 497 4221 delossum
519 4163 638 4239 partim‚
662 4163 724 4222 eins
745 4165 956 4240 possessionem
980 4165 1111 4226 inridens
1133 4166 1259 4227 arbitror
1281 4169 1414 4246 posteris

339 4398 391 4449 ³si
409 4395 555 4462 romergat]
579 4400 664 4460 ernsi
683 4400 834 4449 liutteuiea
852 4402 975 4451 Fortuna
998 4403 1114 4453 Snerum
1138 4419 1316 4454 rerrrersrrrnnr
1342 4421 1402 4456 eoae
1430 4422 1548 4471 praesen·

273 4485 363 4534 sisset,
398 4482 439 4543 ⁹·!⁰
456 4483 530 4534 Nibil
548 4484 638 4534 deest:
658 4487 738 4550 signa
757 4485 787 4549 ()
808 4486 1001 4551 explicationis
1021 4503 1105 4537 canon
1118 4489 1183 4539 feei.
1219 4489 1241 4521 ²⁰
1258 4489 1379 4556 Homer]
1398 4492 1549 4541 Batracho-

273 4586 369 4634 myoru.
384 4585 408 4619 v.
421 4568 462 4620 97.
486 4568 600 4630 „Habet
622 4570 689 4619 dens
712 4570 827 4621 ultorem
845 4572 977 4622 oculum*¹
1047 4570 1065 4604 ²¹
1086 4573 1114 4622 iu
1133 4578 1195 4623 tert.
1209 4573 1281 4640 gen]
1301 4576 1343 4626 Cl.
1355 4576 1440 4625 Exod.
1453 4578 1512 4627 XX.
1525 4577 1548 4627 5.

274 4652 296 4686 ¹⁴
314 4656 407 4720 script.
422 4653 457 4720 e.]
476 4655 582 4720 Erong.
595 4670 649 4706 sec.
663 4657 730 4706 Luc.
744 4657 765 4706 1.
778 4656 819 4706 52.
880 4655 902 4688 ³⁴
919 4658 1069 4722 Mogontiae
1086 4656 1183 4724 nuper]
1202 4657 1244 4708 cf.
1258 4659 1365 4710 Misanl.
1379 4661 1402 4720 ἕ.
1416 4660 1457 4711 50.
