3382 5370
157 372 274 408 ntnnout
294 374 399 409 διιΡΤιιιι
419 374 534 409 FBSTIVR
554 374 678 409 cnnnant.
700 356 742 426 [3.]
762 375 890 411 ΡΙΕΤΛΤΙΒ
909 376 943 410 ιιί·
962 374 1192 410 SVPBRSTlTIOlllS
1211 374 1310 409 PVGNA.
1364 343 1436 414 569

220 533 343 588 Pietas.
381 533 476 596 Video,
507 533 592 596 rideo,
614 552 663 590 eur
684 534 735 589 lios
764 533 853 594 malis.
882 551 961 607 ‹pnam
992 535 1037 607 ‘lui
1065 550 1177 607 spureae
1204 532 1437 608 philosophantur,

157 634 253 691 nempe
276 625 306 672 ut
328 620 407 691 nugis
431 620 483 674 tuis
506 619 722 692 patrocinentur,
747 637 801 693 quo
824 618 935 674 liberius
959 618 1081 693 imponas
1105 617 1192 691 plani.

221 702 451 776 Superstitio.
487 702 544 759 lloe
565 704 685 759 notasti?

220 787 343 843 Pictas.
380 787 410 843 Ni
433 806 475 843 me
497 789 652 844 coniectura
673 787 766 844 fallat?
789 789 835 845 sed
858 806 908 861 age
930 806 993 844 niani
1017 796 1043 843 et
1065 787 1109 843 alii
1133 788 1238 844 suntin
1255 786 1505 862 ιμιιιιιιειιιιι,ι·1ι

124 888 136 924 o
159 871 181 925 si
204 872 313 945 quidem
336 873 484 945 contigerit
507 873 569 928 illos
592 874 696 929 tandem
727 874 867 947 resipere?
889 884 932 929 est
953 881 1041 928 atatem
1065 873 1092 929 in
1114 881 1257 946 promptu:
1281 870 1350 928 lona
1366 873 1437 929 enim

157 954 266 1012 illorum
290 975 352 1031 pars
374 957 466 1013 videns
489 976 517 1013 se
539 957 658 1014 delusam
682 958 714 1014 iis
737 958 813 1014 tricis
839 958 964 1014 meliores
987 957 1080 1013 literas
1102 965 1230 1013 sectatur.

221 1041 452 1117 Superstitio.
488 1042 558 1098 Nihil
586 1042 678 1099 obest:
707 1043 898 1099 monachorum
928 1042 1034 1099 turbam
1062 1043 1158 1099 ferreis
1180 1042 1301 1099 catlreuis
1318 1043 1438 1111 ¹cinctam

158 1125 249 1188 traho,
272 1127 337 1182 milri
360 1126 556 1183 iuratissimam.

220 1212 348 1268 Pietas.
385 1210 454 1280 Quid
477 1213 499 1268 si
522 1220 549 1268 et
572 1211 611 1268 illi
634 1213 740 1286 sapiam
763 1210 864 1268 semel?

126 1312 149 1351 ao
222 1295 450 1372 Superstitio.
487 1297 571 1354 Citius
592 1295 690 1354 erolum
713 1305 788 1353 ruet:
812 1297 848 1352 ita
871 1296 941 1353 enim
964 1315 994 1353 sc
1015 1297 1265 1354 corastitutionculis
1288 1297 1344 1354 suis
1359 1298 1438 1355 dero·

159 1390 268 1443 rerunt,
291 1389 322 1437 ut
344 1400 479 1456 nunquam
502 1401 531 1439 se
553 1383 632 1439 liceat
653 1382 787 1439 extricari.

220 1466 344 1522 Pietas.
381 1466 432 1536 Qui
455 1485 518 1524 vero
540 1486 571 1523 cx
594 1468 626 1523 iis
648 1467 815 1524 cordatiores
837 1475 913 1529 sunt,
936 1467 1043 1540 sapient
1064 1483 1097 1523 ne
1120 1465 1280 1542 aliquando?
1447 1468 1506 1518 §.tt

222 1550 448 1626 Superstitio.
485 1553 512 1609 ld
540 1553 652 1609 maxime
681 1562 846 1626 praecautum
874 1570 935 1608 nico
967 1552 1110 1615 beneficio,
1142 1561 1172 1607 ut
1195 1551 1298 1626 siquem
1321 1552 1437 1608 viderint

158 1635 321 1709 aspirantem
344 1637 377 1692 ad
400 1636 552 1693 libertatem
575 1637 766 1699 Christianam,
790 1637 852 1694 ilico
874 1637 1016 1698 damnent.
1040 1637 1192 1699 euenirent.
1217 1637 1372 1693 obserarent.

125 1736 147 1775 ro
221 1721 348 1778 Pietas.
386 1721 449 1777 llcm
472 1723 638 1796 nephandam
661 1722 715 1777 ais:
739 1722 878 1796 oportebit
900 1722 992 1795 potius
1015 1731 1140 1778 excutere
1163 1722 1214 1777 lroe
1237 1723 1338 1795 ingrana.

221 1805 451 1881 Superstitio.
489 1807 523 1862 [le
546 1807 597 1863 hoe
619 1808 692 1862 vaire
715 1807 856 1863 admodum
878 1806 1064 1870 dissimulant,
1089 1824 1121 1862 ne
1136 1806 1177 1861 rel
1192 1805 1290 1863 ariolum
1307 1806 1357 1863 silri
1373 1825 1438 1863 eon·

157 1890 272 1946 sciscant
294 1908 429 1946 rumorem
452 1901 498 1946 ant
522 1891 712 1948 offendiculum
734 1899 836 1965 ponant
858 1890 986 1956 infirmis;
1010 1892 1037 1947 in
1054 1891 1157 1966 privato
1175 1899 1262 1947 tamen
1279 1909 1328 1947 sua
1345 1892 1437 1948 fruim-

159 1982 202 2029 tur
225 1974 358 2032 libertate.
754 2046 757 2050 A

219 2060 348 2116 Pictas.
385 2061 441 2117 lloc
463 2061 583 2117 maximae
606 2061 716 2134 pietatis
738 2068 766 2116 et
788 2061 952 2135 prudentia.
981 2069 1011 2117 ut
1034 2079 1117 2135 quum
1140 2061 1201 2136 quis
1223 2060 1293 2117 libor
1315 2062 1364 2123 sit.
1388 2070 1506 2120 ιιι-ιιι.

125 2163 150 2200 eo
161 2143 193 2200 lit
216 2155 302 2201 tanren
326 2147 393 2202 lianc
415 2146 567 2201 libertatem
590 2147 694 2202 ruinam
717 2163 776 2201 csso
799 2144 913 2220 pusillis.

221 2230 450 2304 Superstitio.
488 2231 538 2287 Sed
561 2238 588 2287 et
610 2231 704 2287 crebra
728 2230 771 2286 illa
789 2230 981 2293 illectamenta,
1006 2230 1195 2292 salutationes,
1218 2231 1335 2293 delioim,
1359 2231 1439 2287 lilior-

157 2322 239 2376 tates.
262 2316 382 2391 cupediae
405 2315 497 2372 multis
519 2324 582 2371 sum
605 2333 657 2371 non
681 2316 783 2372 modica
806 2316 926 2378 occasio.
950 2333 983 2371 ne
1006 2315 1083 2373 facile
1105 2316 1276 2390 aequiescunt
1298 2317 1369 2372 sanis
1391 2317 1440 2372 do-

156 2399 260 2455 etrinis.

219 2485 346 2542 Pictas.
383 2485 458 2560 lmpii
489 2495 552 2541 sunt
580 2485 678 2559 igitur,
708 2486 794 2548 serres,
824 2485 956 2548 latrones,
986 2487 1074 2559 porci.
1105 2485 1275 2542 Plaalaridcs:
1304 2495 1439 2562 perpetuo

122 2570 214 2625 easuis
239 2577 416 2644 torqueantur
438 2570 613 2633 ceremoniis:
637 2588 723 2645 neque
746 2589 798 2644 ego
821 2588 938 2645 unquam
961 2570 1014 2626 illis
1037 2571 1127 2628 adero.

220 2655 453 2728 Superstitio.
491 2655 518 2710 ld
540 2655 687 2717 caecabunt,
710 2656 779 2731 proli
803 2655 921 2718 Christe.
945 2655 1056 2712 seilicet.

220 2739 342 2795 Pietas.
376 2739 469 2795 llirum
493 2758 541 2795 eur
564 2740 598 2795 ita
622 2741 793 2796 fascinaveris
815 2740 968 2797 mortalium
991 2758 1087 2813 genus.
1448 2741 1506 2790 §.aa

221 2824 450 2899 Superstitio.
488 2825 582 2880 llirum
606 2826 697 2900 potios
719 2844 768 2881 cur
791 2825 936 2882 stultorum
960 2825 1080 2882 infinitus
1102 2833 1143 2882 cst
1172 2843 1308 2881 uaeramus.
1352 2844 1439 2900 neque

157 2910 208 2965 lroc
230 2927 326 2964 norma
357 2918 398 2965 cst
430 2910 501 2983 qarod
530 2928 599 2982 ago,
627 2928 714 2984 neque
742 2911 812 2985 apud
840 2928 908 2966 rinos
940 2919 1042 2967 tantum
1065 2911 1211 2967 Germanos
1241 2928 1297 2965 urm
1326 2928 1438 2967 exerceo

121 3008 147 3046 ao
156 2994 303 3055 lenocinia,
327 2994 373 3050 sed
396 2993 429 3049 alr
452 2994 511 3069 ipso
535 2995 625 3051 nurndi
649 2996 797 3069 primordio
821 2996 950 3052 maximos
972 3013 1051 3070 reges
1075 3004 1102 3052 et
1125 2995 1275 3069 principes,
1305 2996 1438 3057 nationes,

157 3079 308 3152 provincias
332 3097 390 3134 mco
413 3078 518 3135 subdidi
543 3080 669 3154 imperio,
700 3090 842 3154 autequam
872 3097 988 3154 tanquam
1019 3088 1080 3136 tuus
1104 3080 1148 3135 ille
1171 3081 1294 3135 Christus
1316 3098 1439 3136 nascere-

157 3174 213 3219 tur:
243 3164 378 3219 euimrero
407 3164 429 3219 si
454 3163 500 3219 ιιιιι
524 3182 676 3220 recenseam
706 3165 769 3238 (prid
803 3164 840 3219 illi
870 3165 985 3220 fecerint
1008 3165 1033 3220 in
1057 3166 1155 3227 sacris,
1186 3165 1210 3219 iu
1235 3165 1312 3220 lestis
1334 3164 1437 3227 dielms.

157 3250 182 3303 iu
206 3248 334 3305 adeundis
359 3248 564 3323 salutandisque
586 3249 637 3304 diis
660 3250 732 3311 sois,
756 3249 843 3304 omnia
867 3250 1060 3323 propemodum
1084 3267 1141 3304 nica
1164 3259 1236 3304 sord.

218 3333 344 3388 Pictas.
381 3333 488 3389 Lulrcus
505 3334 557 3390 hoc
573 3334 716 3394 audierim.
740 3333 820 3388 modo
841 3335 978 3407 ogregiam
996 3333 1067 3389 illam
1085 3334 1260 3408 imposturam
1283 3352 1436 3408 agnoscam.
1449 3333 1508 3382 ert.

122 3432 147 3469 :n
221 3418 451 3490 Superstitio.
489 3418 581 3492 linquo
604 3418 667 3473 milri
691 3435 771 3490 grane
793 3418 845 3473 erit
869 3435 1010 3474 recensere
1033 3417 1142 3474 illorum
1164 3418 1324 3481 stultitiam,
1354 3419 1438 3494 siqui·

155 3503 214 3558 dem
237 3503 337 3557 autad
360 3503 449 3559 loreas
472 3503 720 3564 rnedamnassent,
750 3511 797 3558 aut
818 3510 891 3559 corte
915 3502 1074 3565 torcanuo,
1105 3503 1126 3556 si
1157 3504 1364 3578 perpendissent
1393 3522 1439 3560 nc·

154 3588 225 3660 gorii
249 3588 300 3642 mei
324 3594 380 3643 tuan
402 3587 595 3643 absurditatem
620 3595 674 3642 tum
698 3587 851 3645 aumatium.

217 3671 347 3727 l’ictas.
384 3672 563 3734 Crediderim.
593 3671 666 3728 relut
695 3672 800 3728 laostem
828 3672 956 3734 deorum,
985 3681 1067 3746 atone
1095 3671 1244 3735 infelicem,
1273 3681 1301 3729 et
1329 3673 1437 3747 genium

156 3755 252 3811 andana
276 3755 344 3812 areale
367 3756 549 3812 mulctassent.

122 3855 147 3894 m
221 3842 456 3914 Superstitio.
493 3845 532 3896 dn
555 3859 608 3897 mm
633 3859 687 3898 rem
711 3842 838 3916 grandem
863 3841 910 3897 tihi
933 3842 1025 3898 videor
1046 3859 1105 3898 esse
1129 3841 1234 3904 molita.
1259 3842 1329 3917 quod
1353 3844 1507 3917 mouet-¹⁵.

156 3925 223 3979 adro
247 3926 352 3981 miseris
374 3926 534 3988 delmerim,
558 3926 629 4000 quod
651 3927 758 3983 dianam
782 3927 807 3982 ιιι
825 3926 962 3983 irroratilms
978 3926 1105 3984 oberrare
1121 3927 1303 3989 sonmialmnt,
1327 3927 1436 3983 renaudi

155 4010 246 4065 studio
269 4019 295 4065 et
318 4028 411 4065 carrum
435 4029 526 4067 aratore
547 4012 681 4067 deditam?
709 4012 804 4067 deinde
826 4012 893 4067 arlon
915 4011 966 4066 silri
990 4011 1090 4086 imponi
1113 4012 1184 4086 passi
1215 4021 1291 4076 saud,
1322 4021 1352 4068 ut
1373 4013 1439 4069 deos

156 4094 283 4150 carnilms
307 4095 375 4150 rosei
398 4096 539 4152 crederent
562 4105 642 4170 atquo
666 4095 720 4151 illis
742 4096 914 4152 tocammhas
937 4097 1072 4159 lacerent,
1101 4105 1128 4152 et
1158 4107 1282 4170 tartonam
1306 4106 1438 4154 mercato·

156 4197 199 4234 res
222 4179 277 4234 sint
299 4179 351 4239 ilii.
376 4180 497 4252 quandam
522 4181 613 4242 tlmre,
637 4181 759 4254 qondam
782 4181 863 4237 etiam
886 4199 952 4237 auro
973 4189 1001 4237 et
1023 4182 1112 4237 ιιιιιιιιι
1132 4182 1165 4237 alr
1181 4182 1246 4256 ipsis
1262 4183 1439 4245 redemerint;

122 4280 247 4320 rannone
270 4264 382 4319 airaraima
405 4264 565 4338 superstitio
588 4266 697 4322 erodere
713 4266 859 4322 Saturnum
882 4266 983 4322 Caelum
1007 4275 1110 4341 patrem
1133 4285 1211 4323 suum
1234 4267 1386 4330 excurrisse,
1409 4275 1440 4322 ot

155 4349 213 4423 ipse
236 4350 261 4404 in
286 4368 318 4404 eo
343 4359 482 4421 regnaret,
505 4349 601 4405 deinde
624 4350 726 4407 liberos
749 4368 814 4406 suos
835 4352 992 4413 (invocasse,
1016 4352 1087 4407 sicut
1109 4353 1199 4407 lerunt
1223 4353 1318 4407 iecisse
1341 4361 1369 4408 ot
1390 4353 1438 4407 dr·

155 4434 245 4507 girrrm
269 4433 343 4489 illum
367 4434 527 4507 Thyestem?
551 4445 682 4509 prmterea
706 4435 778 4510 (pund
802 4423 902 4511 ltipitcr
924 4436 1017 4492 furtim
1040 4436 1192 4493 occultatus
1214 4454 1228 4491 a
1252 4436 1322 4493 lllaca
1345 4447 1507 4495 sacramen.

222 4699 245 4732 ³⁰
263 4700 401 4766 lenocinio
421 4705 444 4750 1.
497 4699 519 4732 ⁴³
538 4701 640 4751 Conon
661 4707 686 4753 3.
743 4699 765 4734 ⁴⁷
783 4702 924 4753 Tlricstcm
943 4707 966 4753 1.
