3382 5370
268 349 341 421 518
636 342 639 349 '
709 378 825 415 braeost
850 377 1117 413 rast'nottt·rt·att1cr.

213 549 258 600 §.t
332 538 462 595 Eccius.
499 536 570 593 Proh
593 536 701 593 miseria
724 535 888 599 miserrima,
912 535 1072 610 mancipium
1095 534 1147 592 bec
1169 534 1349 610 largiloquum
1372 535 1405 592 ad
1421 536 1558 593 insaniam

269 642 311 681 me
334 622 413 679 bodie
436 621 549 695 rediget⁴
593 620 662 688 Quin
687 629 714 677 tu
737 620 816 681 sdes.
841 619 1013 682 tervenctiae,
1036 627 1063 674 et
1084 619 1241 676 cantharum
1264 619 1385 694 praebes!

332 708 427 764 Puer.
465 705 556 763 Siiebo
579 706 675 779 igitur,
700 705 826 780 queniam
849 714 877 762 tu
901 705 937 760 ita
960 704 1052 767 iubes,
1080 712 1108 760 et
1130 704 1238 761 fortuna
1262 704 1427 779 iniquissima
1455 706 1481 760 in
1512 724 1557 761 me

269 793 317 849 tibi
341 792 482 866 imperium
511 790 649 865 permisit,
679 808 733 846 nen
757 789 867 864 ignarus
889 790 1031 864 pessimam
1054 807 1114 846 csse
1137 799 1238 846 sortem
1261 790 1330 846 servi
1353 788 1426 847 iilius
1456 791 1504 864 qui
1529 791 1556 846 in

268 878 401 935 dementis
417 876 474 933 beri
491 877 648 931 servitutem
665 875 803 936 inciderit;
826 875 888 931 bibe
904 874 999 949 igitur.
1023 881 1083 938 aut,
1106 873 1129 930 si
1146 874 1243 938 mavis,
1266 874 1380 932 bibenda
1396 885 1422 932 ta
1439 876 1552 933 suffoca.
1569 891 1583 930 a

215 982 260 1032 aa.
323 961 467 1018 ·Eccius.
504 961 571 1029 dard
595 968 653 1016 tute
677 968 763 1017 tecum
786 960 887 1033 garris,
912 959 1053 1032 mastigia?
1584 956 1590 965 '

333 1048 428 1103 Puer.
466 1046 505 1101 b'il
529 1045 667 1119 equidem.
690 1045 811 1102 canthari
835 1044 949 1101 forsitan
972 1044 1116 1120 strepitum
1139 1044 1245 1101 audisti.

332 1133 462 1189 Eccius.
499 1131 520 1186 0
544 1131 666 1192 fortuna.
690 1129 754 1185 viris
777 1129 862 1185 invida
885 1130 1011 1192 iertibus.

498 1217 582 1283 Quam
605 1233 660 1271 neu
682 1233 758 1289 equa
781 1214 860 1270 benis
883 1215 993 1288 praemia
1016 1214 1125 1271 dividis!

499 1300 588 1356 Gaude
612 1300 710 1373 igitur,
733 1300 859 1365 Martiae,
883 1309 910 1355 et
934 1308 977 1363 tu,
1000 1298 1179 1362 Careistadie,
1202 1300 1297 1373 gaucia,
1569 1314 1594 1354 re

500 1385 553 1442 b'cc
576 1402 644 1446 nen,
667 1384 808 1459 Philipps,
832 1384 932 1442 scitula
954 1384 1149 1459 pulverulenta
1173 1385 1309 1458 magister,

273 1484 423 1549 nostreque
446 1489 518 1528 nuuc
542 1470 708 1527 exsaticmiui
731 1470 866 1532 cruciatu,
897 1468 1067 1527 oblectamini
1096 1468 1206 1532 delere,
1234 1469 1272 1526 nil
1299 1472 1368 1527 enim
1398 1470 1435 1541 (ui
1465 1471 1558 1543 iader)

273 1561 377 1635 gratius
400 1558 475 1613 vuius
498 1556 605 1612 evenire
628 1563 735 1630 posset,
770 1573 850 1629 quam
871 1553 976 1611 Eccium
1007 1555 1089 1610 tantis
1117 1555 1259 1618 aerumnis,
1293 1557 1375 1612 tantis
1404 1556 1557 1613 involutum

217 1655 383 1705 §.acerbare
411 1640 616 1698 calamitatibus.
661 1640 711 1695 Sed
741 1640 839 1698 iterum
865 1640 1038 1704 cantharum,
1073 1648 1103 1696 ut
1131 1640 1249 1698 bacchus
1277 1639 1387 1698 delores
1415 1643 1557 1715 extinguat

273 1739 325 1787 lam
349 1746 451 1802 graves.
1569 1738 1592 1776 rs

336 1815 432 1869 Puer.
470 1813 522 1868 latu
545 1811 618 1867 sitim
641 1810 690 1865 iris
713 1810 847 1872 sedasset,
871 1810 997 1866 nimirum
1020 1809 1043 1866 si
1066 1809 1145 1867 hodie
1168 1808 1252 1886 pluet.

336 1898 471 1954 Eccius.
508 1896 593 1958 Prub,
617 1894 662 1950 iux
685 1895 795 1959 acerba,
819 1895 879 1969 quis
903 1896 976 1951 intus
998 1895 1131 1969 scorpius,

509 1982 574 2050 Quis
597 1998 692 2037 cancer
715 1980 810 2037 infisus
833 1998 904 2037 meas
928 1981 982 2036 urit
1005 1979 1143 2043 medullas,

509 2066 658 2123 bistcndit?
680 2066 757 2122 ardet
779 2064 841 2122 tetre
864 2066 964 2123 siccata
988 2065 1068 2128 iecur,

509 2151 661 2225 Totumque
684 2151 773 2208 lentus
796 2151 953 2224 sanguinein
975 2149 1061 2206 averit
1084 2167 1175 2225 vapor.
1566 2164 1593 2203 re

275 2241 327 2296 lam
350 2246 426 2294 tantu
449 2236 537 2293 delmi
561 2237 647 2311 impar
668 2253 741 2300 sum,
765 2237 816 2292 iam
839 2253 932 2291 manus
954 2235 1003 2298 du,
1033 2235 1150 2291 termina
1172 2244 1225 2292 tam
1248 2237 1305 2292 dira
1329 2237 1397 2292 baud
1422 2236 1491 2293 nitra
1516 2247 1558 2294 to·

220 2325 361 2395 §.tierare
379 2322 462 2378 reice.
496 2322 595 2396 Ocytcr
611 2321 707 2394 igitur,
728 2338 810 2396 puer,
835 2321 984 2377 universam
1006 2320 1152 2377 amicerum
1175 2321 1273 2377 advoca
1297 2321 1419 2385 turbam,
1445 2331 1474 2378 ut
1495 2341 1557 2379 cum

275 2410 317 2465 bis
334 2408 429 2464 saitem
446 2426 506 2481 (pure
522 2407 548 2461 in
572 2424 628 2463 rcm
652 2424 736 2463 meam
760 2406 816 2463 sint
837 2405 999 2461 deliberem:
1022 2406 1098 2480 prius
1122 2414 1209 2461 tamen
1231 2407 1388 2465 cantharum
1410 2409 1557 2482 porrigite,

336 2495 429 2549 i‘uer.
468 2492 607 2560 Quodnam
629 2492 746 2548 malum?
775 2489 901 2547 turbam?
931 2508 990 2547 cum
1015 2490 1056 2546 vir
1079 2507 1148 2546 unus
1171 2499 1217 2546 aut
1238 2490 1308 2548 alter
1330 2491 1409 2548 uobis
1437 2494 1558 2568 supersit

274 2579 387 2638 amicus,
412 2595 460 2633 nec
482 2577 520 2632 hii
542 2576 608 2632 satis
630 2595 661 2632 er
683 2577 781 2632 unium.
1566 2589 1592 2628 aa

340 2663 468 2720 Eccius.
506 2662 604 2717 Tamen
627 2679 705 2726 roca;
734 2661 780 2717 sed
803 2661 878 2734 prius
902 2659 1000 2718 vicarie
1023 2659 1173 2718 substitute
1196 2662 1242 2736 qui
1264 2661 1334 2718 vices
1356 2661 1481 2736 suppleat
1498 2672 1560 2720 tuas

276 2757 456 2807 austrannus
478 2747 635 2804 cantharum
658 2747 762 2803 ederat.

222 2836 268 2886 ts.
340 2835 437 2890 Puer.
475 2832 534 2889 uias
555 2831 619 2893 huc,
644 2830 694 2887 iam
717 2829 793 2886 abcu.

340 2918 473 2975 Eccius.
511 2917 586 2972 biauc
607 2916 670 2972 dum
693 2933 723 2972 ac
745 2915 821 2989 prius
843 2917 1000 2972 cantharum
1023 2916 1162 2992 prabete;
1185 2916 1237 2973 iarn
1252 2916 1309 2979 abi,
1332 2926 1363 2973 ut
1378 2925 1467 2974 tamen
1483 2925 1560 2976 actu·

276 3014 332 3061 tum
356 3004 448 3060 redeas
470 3009 615 3059 memento.
643 3001 708 3058 ohe!
1568 3013 1595 3053 ae

339 3090 434 3145 Puer.
472 3087 573 3144 ductus
596 3094 732 3149 ructatur,
755 3095 832 3142 satur
854 3095 896 3142 est
918 3087 1038 3149 tandem.
1069 3086 1149 3156 eiiam
1173 3087 1241 3144 itanc
1264 3087 1444 3162 implevimus,
1471 3089 1559 3162 prebc

277 3183 393 3251 appulus
416 3182 533 3229 stertere
556 3171 658 3246 incipit.
703 3171 803 3228 utinam
826 3189 951 3229 reversus
974 3172 1048 3229 dium
1071 3171 1200 3247 pensilem
1225 3173 1368 3229 inveniam!
1401 3181 1453 3229 tam
1482 3175 1560 3231 udie-

277 3280 323 3318 sus
346 3269 373 3315 ct
397 3258 528 3315 nmicstus
551 3265 606 3320 est,
630 3274 684 3314 non
708 3257 760 3313 iam
782 3256 876 3314 alienis
900 3265 1019 3321 tanturn,
1042 3258 1089 3314 sed
1111 3266 1140 3314 et
1161 3258 1231 3319 suis,
1256 3258 1301 3313 scd
1325 3267 1352 3314 ct
1375 3257 1482 3320 amicis,
1510 3277 1561 3333 pe·

276 3346 408 3404 tissimum
431 3360 494 3399 rere
515 3342 679 3400 domesticis.

339 3429 454 3487 Amici.
484 3427 560 3484 Salve
575 3428 705 3501 magister
719 3436 822 3490 uester,
838 3445 880 3490 cn,
896 3435 926 3485 ut
942 3428 1068 3490 iusseras,
1084 3427 1132 3484 tibi
1148 3436 1248 3502 preste
1264 3445 1366 3490 sumus,
1382 3427 1457 3491 bens,
1474 3428 1558 3486 treus!
1569 3441 1596 3478 ³³¹

340 3516 437 3571 Puer.
476 3513 521 3568 Vix
546 3520 709 3570 taratantara
731 3511 899 3569 merebibum
930 3513 1005 3569 idum
1032 3513 1175 3575 excitaret,
1209 3530 1259 3570 nec
1285 3513 1397 3575 mirum,
1432 3515 1561 3588 queniam

218 3611 266 3660 tn,
280 3619 333 3657 rien
357 3600 445 3655 seium
467 3597 548 3672 prante
572 3597 634 3674 pius
656 3597 773 3659 adbibit.
796 3597 843 3654 sed
868 3606 923 3654 teta
945 3598 1029 3654 terme
1051 3598 1094 3655 die
1115 3598 1272 3655 cantharum
1296 3615 1357 3661 ere,
1381 3606 1409 3655 et
1423 3599 1562 3658 mordicus

278 3686 398 3760 «peridem,
422 3683 543 3740 retinuit.
602 3681 718 3756 Evigita,
741 3682 822 3744 herc.
846 3683 944 3739 adsunt
966 3683 1056 3739 amici!

340 3769 471 3827 Eccius.
509 3768 587 3830 ilem,
622 3785 701 3842 quam
724 3785 831 3823 suavem
854 3767 968 3841 abegisti
992 3785 1129 3832 sumnum,
1163 3787 1268 3826 emnem
1292 3768 1439 3826 etriermiri
1461 3788 1562 3845 crapu-

278 3855 344 3918 iam;
367 3855 483 3910 sedeur
507 3862 558 3909 taur
583 3870 682 3927 {raucus
704 3852 855 3908 adduxisti?
1570 3862 1598 3903 ιιι

340 3940 436 3994 Ιίιιι.
473 3939 507 3993 dt
529 3938 608 3996 multi
631 3937 676 3992 ubi
699 3939 793 3993 crant?
827 3937 892 4011 quin
915 3955 964 3994 nce
986 3939 1078 4014 paucis
1107 3937 1175 4002 iilis,
1210 3939 1367 4015 quibuscum
1395 3957 1562 4015 congressus

279 4042 351 4086 sum,
377 4033 406 4080 ut
428 4041 470 4079 me
492 4031 685 4097 sequerentur,
709 4023 872 4097 persuadere
895 4023 981 4098 patui.

279 4207 349 4258 ‘udis
368 4208 424 4257 suis
443 4206 527 4256 labiis
545 4205 579 4255 0b
599 4205 722 4255 innatam
741 4221 775 4256 ae
794 4207 951 4257 continuam
974 4205 1165 4258 temulentiam
1189 4224 1268 4259 orare
1292 4209 1456 4274 incepisset,
1482 4211 1561 4276 prob,

280 4292 384 4357 ‘quales
403 4292 537 4342 clamores
556 4291 694 4352 audisses,
720 4297 762 4352 ut,
787 4291 811 4341 si
836 4291 975 4353 adfuisses,
998 4292 1128 4355 dixisses,
1155 4309 1214 4344 eum
1233 4293 1362 4344 Stentora
1380 4294 1491 4345 vincere
1510 4310 1559 4346 ro-

282 4378 391 4428 ‘luisset
412 4375 559 4443 aliquande
577 4390 642 4425 vere
662 4375 730 4425 adeo
748 4376 882 4426 submisse
905 4377 1085 4436 mussitabat,
1109 4382 1152 4439 ut,
1176 4379 1240 4443 quid
1265 4378 1383 4440 diceret,
1408 4394 1488 4430 nemo
1512 4396 1563 4431 au-

281 4462 361 4512 ‘dirct
379 4478 427 4513 seu
444 4463 640 4527 intelligeres*
660 4476 809 4512 arsurus.
845 4460 875 4493 ⁸⁸⁸
894 4461 990 4512 Seuer.
1001 4462 1254 4528 Here.iur.b24.sq.
1307 4462 1328 4496 ¹⁰
1344 4463 1490 4527 Lutherus‚
1505 4465 1563 4516 Ca·

278 4547 442 4598 rolostadiua
466 4553 494 4598 et
511 4547 707 4600 Melancbthon
730 4548 758 4597 in
775 4548 916 4612 Lipsiensi
939 4546 1127 4613 disputatione
1151 4548 1259 4599 molesti
1282 4549 1371 4599 Eckio
1395 4548 1563 4606 adversarii.

279 4631 300 4665 ¹⁶
319 4634 361 4684 cf.
374 4634 462 4685 Plaut.
476 4635 555 4684 Cure.
570 4635 591 4683 1.
604 4634 671 4696 sn.
713 4632 783 4677 Μ’
796 4631 1201 4699 Senec.Herc.Oet.l·218.sqq.
1242 4632 1265 4665 ⁸²
1283 4632 1393 4699 pensil.]
1411 4633 1455 4686 Cf.
1468 4634 1562 4687 Plaut.

278 4719 378 4770 Pseud.
392 4719 414 4769 Ι.
429 4718 493 4782 l,st.
528 4718 550 4751 ⁸⁰
568 4717 681 4785 merob}
701 4718 977 4772 cerritanensi
994 4717 1055 4777 l,tr.
1102 4717 1124 4754 ω
1142 4716 1561 4784 cr.cbd.]Plaut.M0st.V.2,t.
