3382 5370
348 321 397 392 »18
645 336 696 387 111.
765 353 903 388 ursnvnrn
922 353 944 388 s.
965 353 1045 388 avan.
1081 354 1229 391 nrnnoors.
1249 339 1337 404 (ints.)

410 526 574 569 ursnvavs.
613 506 715 586 Neque
744 507 801 568 hoc
823 525 919 587 neque
941 507 1027 577 illud,
1061 527 1129 569 nam
1158 517 1188 570 et
1215 512 1331 589 sapiunt
1360 511 1449 591 aliqui
1476 512 1634 590 principes.

347 611 406 670 rari
428 609 468 668 illi
491 609 622 688 quidem,
645 609 696 670 sed
718 617 816 670 tamen
838 609 942 689 aliqui,
966 617 995 671 et
1017 629 1052 669 ex
1075 610 1176 672 aulicis
1198 613 1315 692 quidam
1332 612 1463 692 [lyssam
1484 614 1635 673 innitantur

348 713 396 790 qni
419 712 448 771 in
471 710 640 771 turbulento
671 711 727 772 boc
755 712 827 770 nrari
857 712 1025 789 navigantes
1054 731 1120 772 cera
1148 712 1313 775 obtburatis
1341 713 1462 774 auribus
1489 714 1635 774 insidiosae

348 815 492 893 syrenum
514 814 657 873 cantionis
679 831 802 891 capaces
824 831 882 872 non
905 821 973 872 sunt
995 823 1024 874 et
1046 814 1200 874 eonsilium
1221 815 1330 877 habeut
1358 817 1634 894 pruternarigandae

347 915 450 995 Scyllae
464 915 645 994 vitandaeque
661 913 822 993 Charybdis
837 922 866 975 et
880 916 908 974 in
925 915 1024 994 Syrtes
1040 935 1097 975 non
1114 918 1293 995 impingunt,
1309 925 1381 986 tum,
1398 925 1539 996 quantum
1554 920 1585 980 in
1600 939 1655 980 sca

348 1024 405 1085 est,
429 1017 543 1078 clausos
565 1019 594 1077 in
618 1024 683 1077 utre
707 1023 807 1076 ventos
829 1018 994 1087 continent,
1018 1037 1077 1097 quo
1094 1020 1189 1079 minus
1204 1021 1240 1079 sit
1256 1018 1526 1097 perturbationibus
1540 1020 1633 1081 locus.

411 1139 538 1182 enerve.
576 1119 611 1180 Et
634 1138 692 1178 non
716 1126 795 1179 recte
818 1119 849 1177 dt
872 1119 928 1179 boc
950 1120 1028 1198 quod
1050 1121 1097 1179 isli
1119 1121 1256 1191 suadent,
1285 1128 1317 1182 ut
1340 1141 1394 1181 uos
1416 1125 1542 1201 tempori
1564 1141 1634 1183 con·

347 1225 508 1284 lortuemus
530 1229 560 1283 et
580 1240 692 1290 scenae,
716 1228 748 1280 ut
770 1222 878 1289 lertur,
902 1223 1071 1283 serviamus,

411 1344 575 1387 rrrssvnvs.
614 1324 684 1383 Cum
708 1323 816 1382 decoro
839 1330 919 1383 recte
941 1325 965 1383 si
987 1326 1090 1400 possis.
1136 1334 1277 1404 quantum
1305 1325 1428 1387 dedecet
1451 1329 1528 1387 eninr
1550 1315 1635 1386 ἄλω-

347 1429 491 1504 πεκίζειν
513 1414 596 1505 πρὸς
617 1417 733 1503 ἑτέραν
755 1411 927 1500 ἀλώπεκα,
951 1426 1029 1504 quod
1052 1426 1117 1487 aula
1141 1430 1168 1487 iu
1192 1431 1294 1506 pritanis
1316 1429 1422 1504 erigit?
1444 1446 1534 1506 porro
1557 1429 1631 1488 dilli-
1645 1453 1668 1492 ιο

348 1532 404 1592 cilo
427 1538 470 1591 est
492 1529 531 1589 ibi
555 1529 705 1587 continere
727 1533 772 1596 te,
798 1527 874 1587 irride
897 1529 991 1587 onarris
1014 1528 1110 1589 exedat
1133 1531 1325 1599 cerritinentia;
1349 1538 1377 1588 et
1392 1530 1566 1593 insidiosum
1590 1536 1635 1590 est

349 1652 415 1695 cunt
438 1632 514 1709 lupis
537 1636 700 1689 versantem
722 1627 808 1688 simul
831 1647 889 1688 non
913 1628 1040 1698 ululare,
1064 1630 1193 1709 inibique
1209 1632 1322 1692 ridetur
1338 1632 1519 1709 paucissimis
1534 1633 1634 1694 datum

348 1755 412 1796 csse
434 1732 616 1812 chlamydem
638 1730 725 1791 simul
748 1750 782 1791 ac
804 1730 923 1809 pallium
946 1733 1032 1792 ferre.

279 1853 338 1905 nro.
412 1854 538 1899 onsrrs.
576 1834 612 1893 dt
634 1833 809 1912 praeclarum
832 1834 901 1894 mibi
925 1834 1038 1894 ridetur
1065 1834 1173 1894 multos
1202 1834 1311 1896 babere
1338 1837 1463 1906 amicos,
1496 1836 1525 1896 id
1555 1835 1633 1914 quod

348 1939 430 2000 robis
451 1936 578 2017 prodire
600 1944 652 1997 cst.
1645 1962 1667 2000 n.

411 2059 574 2102 unsarans.
612 2039 714 2118 Neque
735 2037 864 2117 proclive
887 2038 924 2098 ob
948 2057 1085 2116 perversa
1107 2039 1180 2100 aulae
1202 2040 1314 2109 studia,
1342 2058 1437 2118 neque
1459 2042 1482 2100 si
1504 2040 1533 2100 id
1556 2058 1634 2099 asse·

348 2146 396 2225 qui
425 2144 536 2222 possis,
571 2158 629 2200 uno
658 2139 722 2218 plus
751 2142 845 2200 amico
867 2148 948 2202 recte
976 2142 1083 2211 nitaris,
1116 2141 1160 2201 rel
1183 2141 1311 2202 Hesiodo
1333 2141 1529 2219 persuadente
1551 2143 1634 2202 cuius

347 2255 391 2309 est
412 2247 469 2307 boc
484 2234 582 2322 Μηδὲ
605 2233 822 2320 πολύξεινον,
841 2230 916 2321 μηδ’
936 2233 1069 2318 ἄξεινον
1091 2234 1281 2303 καλέεσθαι.
1315 2245 1400 2304 Corte
1415 2245 1508 2310 eninr,
1532 2261 1633 2323 quem·

347 2348 504 2410 admodum
527 2343 696 2405 Aristoteles
718 2345 804 2404 sentit
827 2364 944 2404 omucrn
967 2346 1083 2422 penitus
1105 2347 1260 2406 audcitiam
1284 2345 1441 2406 excludere
1464 2364 1518 2405 uec
1546 2343 1634 2404 rullius

348 2448 587 2511 consuetudinem
610 2446 764 2507 admittere
788 2446 913 2506 lerinum
937 2466 1001 2508 esse
1023 2454 1051 2507 ct
1074 2447 1279 2516 iniucnndum,
1302 2449 1340 2507 ita
1364 2466 1418 2525 ego
1440 2455 1511 2525 puto
1526 2445 1667 2512 multosan

348 2554 458 2614 babere
481 2551 589 2610 amicos
612 2548 739 2608 bominis
761 2567 825 2609 esse
848 2548 954 2608 rndlius
977 2551 1019 2608 rei
1042 2548 1187 2609 delectum
1210 2548 1356 2617 babeatis,
1380 2548 1451 2608 nibil
1466 2555 1633 2610 constanter

279 2655 496 2725 r.u.iacientis:
520 2651 573 2710 nisi
596 2651 705 2709 amicos
728 2669 813 2709 roras
836 2651 884 2727 qni
908 2651 994 2710 vicies
1016 2651 1062 2710 die
1084 2651 1209 2710 salutant
1232 2659 1261 2711 et
1283 2651 1351 2711 dum
1375 2659 1403 2712 te
1430 2651 1484 2711 sibi
1508 2652 1632 2711 vicissim

348 2756 494 2819 adsentari
517 2752 628 2820 volunt,
659 2770 754 2828 genua
777 2750 931 2818 inclinant,
960 2752 1038 2810 rrrrdo
1063 2754 1156 2830 capite
1179 2760 1348 2821 occursant,
1383 2755 1507 2812 aternio
1537 2771 1632 2831 usque

347 2863 447 2939 ingere
469 2857 600 2916 dextram
623 2855 786 2931 porrigunt.
825 2862 853 2913 et
875 2853 992 2931 (puidam
1015 2853 1265 2932 sesquiuluaribus
1287 2853 1440 2914 uclvolutus
1462 2854 1539 2914 tibiis
1562 2871 1631 2916 con·

347 2964 427 3022 tireno
450 2959 518 3018 tirus
540 2955 610 3016 illud
633 2955 757 3016 aulicum
781 2955 944 3033 adspergit,
974 2957 1124 3034 triagniiica
1148 2958 1305 3035 promissa,
1337 2957 1468 3034 ingentes
1490 2955 1667 3034 pollicita-n

413 3148 424 3180 ³
442 3145 578 3197 obturatis
598 3147 623 3194 3.
632 3148 656 3192 5.
672 3141 709 3204 (rt
722 3143 777 3200 13).
790 3144 837 3192 recl
848 3142 864 3190 h
877 3144 1061 3208 suprascripsit
1074 3145 1109 3193 II.
1171 3142 1182 3174 ⁵
1200 3159 1251 3209 que
1271 3146 1306 3194 nd
1324 3143 1436 3209 ritandp
1454 3145 1580 3208 adscrips.
1596 3145 1631 3194 II.

347 3233 494 3287 Cbnribdis
510 3235 534 3279 5.
555 3245 600 3277 nec
624 3244 692 3278 corr.
707 3229 742 3278 II.
762 3228 921 3292 Respicitur
939 3227 963 3275 h.
979 3227 996 3277 l.
1015 3244 1110 3278 versus
1130 3228 1254 3279 Gunlteri
1273 3228 1435 3278 castellion.
1460 3228 1580 3288 „incidit
1603 3228 1632 3276 in

347 3318 466 3383 Scyllam
485 3315 532 3380 qui
550 3313 609 3363 vult
626 3315 716 3362 vitare
736 3311 928 3376 Charybdim’.
988 3312 998 3343 ¹
1017 3313 1126 3363 clausos
1144 3311 1203 3378 cte]
1224 3313 1266 3363 Ci.
1280 3312 1386 3379 Vergil.
1399 3315 1466 3362 Acri.
1481 3313 1502 3362 l.
1516 3311 1557 3361 55.
1571 3328 1631 3378 sqq.

347 3404 427 3454 Orid.
443 3402 531 3450 donor.
545 3399 596 3448 111.
613 3399 692 3461 lima.
711 3398 823 3447 biotam.
837 3398 929 3446 Xllll.
943 3398 1001 3446 lii.
1009 3413 1066 3462 sqq.
1107 3400 1324 3463 perturbationis
1338 3402 1380 3448 13.
1416 3398 1427 3429 ⁸
1445 3412 1545 3447 accensa
1558 3401 1631 3450 1...s.

347 3492 444 3539 Secum
457 3486 569 3541 servire,
582 3490 612 3533 ut
624 3500 673 3534 uos
686 3487 709 3533 in
721 3487 807 3533 acincr
817 3484 887 3532 Ilolle
900 3483 1004 3532 bleiden.
1030 3484 1072 3533 ef.
1087 3484 1145 3533 Cic.
1160 3500 1202 3548 ep.
1217 3483 1251 3532 ad
1263 3484 1338 3532 Brut.
1353 3482 1405 3532 LO.
1430 3542 1432 3546 μ
1459 3483 1546 3531 fertur
1562 3499 1630 3533 corr.

348 3576 382 3624 ll.
399 3574 478 3622 siunt
490 3571 548 3620 edd.
600 3567 641 3601 ¹¹¹
652 3559 785 3633 cilones]
805 3567 907 3632 Vulpes
925 3567 1033 3632 volpem
1052 3568 1181 3632 decipere
1200 3569 1267 3618 ruit.
1297 3568 1390 3618 Zenod.
1405 3568 1428 3617 I.
1441 3568 1465 3616 7.
1478 3585 1501 3616 e.
1519 3570 1631 3631 interpp.

345 3662 378 3710 de
403 3661 438 3710 iia
462 3658 508 3723 qui
526 3657 568 3705 sui
591 3654 697 3705 similes
720 3652 782 3703 dolo
810 3653 1006 3716 fraudibusque
1034 3653 1260 3703 circumscribere
1288 3657 1431 3718 temptant.
1458 3650 1633 3715 (dlinrlnnncc

348 3748 494 3796 uenenum
515 3743 651 3791 decanum
669 3742 807 3803 coemptum
825 3744 878 3786 esto
897 3729 942 3786 a‘t.
960 3727 1033 3801 o’r'poa
1052 3730 1151 3801 ἕτερον
1169 3727 1302 3788 diducant
1346 3738 1439 3787 deonna
1457 3738 1632 3800 corripendum

345 3846 401 3880 erne
424 3830 611 3894 aipnistcaocrnt
636 3823 685 3888 ΙΙ.)
738 3838 789 3886 quo
809 3826 833 3872 2.
887 3823 1020 3888 imprimis
1039 3826 1062 3872 1.
1082 3829 1107 3872 et
1125 3825 1176 3877 alii.
1194 3824 1242 3872 sed
1259 3823 1327 3887 inpr.
1346 3826 1371 3884 5,
1395 3823 1464 3888 quod
1484 3839 1532 3871 non
1554 3829 1632 3871 mutu·

344 3920 379 3966 nit
398 3918 433 3966 H.
488 3912 507 3946 ¹¹
528 3909 721 3962 ,Eteornld
759 3905 778 3938 ¹²
798 3913 951 3956 versantem
965 3909 1001 3957 ΙΙ.
1015 3910 1039 3956 si
1058 3908 1144 3957 interis
1162 3910 1220 3957 edd.
1277 3904 1353 3972 niul]
1373 3907 1415 3957 Ci.
1434 3907 1631 3972 Verg.Georg.

346 3999 440 4052 raso.
494 3997 514 4029 ¹³
534 3994 696 4046 chlamidem
711 3995 753 4042 13.
785 3991 838 4040 obl.
852 3992 932 4041 sinrul
951 3999 979 4041 et
996 3992 1062 4056 pall
1077 3993 1148 4042 ferre
1165 3994 1184 4042 i.
1199 4009 1223 4042 e.
1241 3998 1348 4042 restem
1366 3991 1485 4042 aulicam
1504 3992 1583 4042 siruul
1604 3997 1632 4041 et

345 4084 571 4152 philosophicam.
590 4081 661 4129 Puto
679 4078 724 4127 hio
743 4091 849 4141 quoqne
868 4078 969 4142 respici
986 4079 1084 4127 Horat.
1098 4079 1188 4143 Epist.
1201 4079 1223 4126 1.
1239 4077 1386 4142 Παῦλον.
1450 4076 1471 4109 ¹¹
1491 4077 1632 4128 ‘Amicitia

346 4170 497 4220 nruitorurn'
515 4169 540 4215 in
552 4181 631 4228 mnrp.
646 4167 704 4213 M.
749 4160 769 4193 ¹²
787 4161 901 4210 Hesiod.
915 4162 984 4226 Opp.
999 4167 1027 4211 et
1039 4163 1066 4212 d.
1079 4161 1137 4212 713.
1150 4163 1264 4228 „Neque
1278 4163 1422 4215 multorum
1434 4163 1534 4228 hospes
1553 4164 1631 4224 (ami-

346 4255 406 4319 ens)
425 4267 514 4317 nequa
532 4252 592 4300 sine
612 4249 720 4313 hospite
739 4262 799 4297 csso
818 4247 946 4297 dicaris''.
983 4241 1130 4299 καλέεσσαι
1148 4253 1173 4298 5.
1227 4247 1446 4299 18οοοοοννλί.
1484 4248 1551 4298 illud
1570 4251 1629 4299 cdd.

345 4342 427 4390 Certo
447 4338 518 4386 enim
533 4337 568 4385 H.
588 4337 624 4384 Et
641 4334 700 4383 edd.
748 4330 769 4364 ¹¹
781 4332 893 4381 Aristot.
909 4333 963 4381 eth.
977 4334 1082 4383 Nicom.
1096 4332 1204 4383 Villi.
1250 4332 1493 4399 ¹¹pruclentorl.2.
1538 4332 1560 4364 ²²
1578 4335 1631 4383 nisi

346 4425 449 4475 amicos
467 4419 526 4486 eta]
546 4421 589 4470 Ci.
603 4419 724 4470 vividam
743 4418 956 4482 descriptionem
974 4419 1114 4469 Plutarch.
1128 4419 1160 4468 de
1179 4418 1281 4468 adulat.
1300 4435 1325 4484 p.
1339 4417 1381 4468 62.
1400 4418 1454 4481 (od.
1474 4420 1569 4468 Reisk.
1583 4420 1629 4469 vl.

345 4527 371 4574 p.
384 4507 457 4571 aab.)
476 4507 564 4556 Amici
584 4511 612 4555 ct
630 4505 804 4555 convictores
821 4519 871 4552 scu
888 4502 1021 4568 palpones
1033 4504 1133 4554 Aulioi.
1152 4508 1177 4553 in
1194 4521 1275 4569 mcrp.
1288 4507 1361 4554 alo,
1414 4503 1436 4535 ²³
1455 4504 1513 4553 ads.
1534 4505 1567 4553 ΙΙ.
1589 4521 1631 4553 as·

345 4594 449 4644 scolari
464 4596 486 4641 1.
500 4599 526 4641 et
538 4599 597 4642 cett.
610 4597 709 4656 practer
722 4593 765 4640 13.
801 4591 998 4655 ganualldd.
1018 4590 1205 4655 genibusedd.
1241 4589 1262 4622 ²⁴
1276 4591 1371 4656 ingero
1384 4592 1427 4639 13.
1464 4590 1572 4654 quidem
1586 4593 1630 4640 13.

344 4677 367 4712 ⁸⁵
385 4680 468 4732 ‘'l‘lrus
487 4678 613 4729 aulicum*
633 4681 657 4727 in
675 4693 754 4742 rrrnrp.
769 4679 827 4726 M.
881 4677 1005 4741 aspergit
1022 4678 1145 4725 9.10.13.
