3382 5370
205 328 278 400 334
391 360 428 395 an
446 345 521 397 Vlll.
591 361 728 396 nraaoars
747 363 837 397 arcia
855 363 880 397 r.
900 363 994 397 ernau
1013 363 1187 399 aaaaciocar.
1216 345 1303 413 (tate.)

268 534 440 576 asenarius.
478 518 504 574 Si
532 519 588 575 suis
615 520 747 576 institutis
775 521 882 582 vixerit,
916 520 982 576 nibil
1010 521 1081 577 ultra
1110 521 1272 595 pontibciaur
1298 539 1389 596 peram
1420 523 1489 578 arri·

204 603 296 678 piens;
325 604 366 659 sin
390 605 490 665 minus,
517 621 570 661 nou
595 613 648 660 tarn
670 604 755 661 libere
782 622 861 679 quam
884 622 946 662 vere
968 607 1082 669 scribet.
1108 604 1190 662 nullis
1213 607 1300 663 modis
1321 608 1488 665 aniuuulver·

204 698 277 750 teus,
303 688 357 745 sire
380 689 482 762 Gyaros
501 689 555 744 sire
573 689 712 746 Philoxeni
730 689 887 765 lapidicinas
910 690 1057 747 miniteris:
1080 692 1194 748 teruncii
1214 709 1268 747 nou
1289 692 1367 749 iaciat
1385 693 1485 748 numia.

135 780 186 831 pa.
206 774 341 830 Christum
354 768 363 853 lp
381 775 449 829 vivat
478 775 524 846 qui
546 774 626 831 iactat
653 793 682 831 se
701 775 800 831 Christi
827 774 925 831 solium
952 793 1099 850 occupare.
1133 785 1161 832 et
1183 776 1335 833 laudabitur
1358 778 1487 834 Christia-

202 859 319 915 nissirne.
352 859 463 933 aggredi
485 867 564 932 potes
579 859 717 916 iulractam
733 860 801 917 banc
815 860 953 922 arborem,
977 879 1068 917 rerum
1091 879 1145 917 uon
1160 862 1281 918 deiicies:
1305 871 1363 919 tute
1384 863 1507 925 rideas-3

200 943 290 1017 paries
313 943 361 1000 tibi
381 944 519 1018 proximus
540 945 623 1001 ardet.
674 961 677 966 ·

263 1046 371 1086 nunna.
407 1029 478 1102 mgis
501 1038 581 1104 atquc
604 1030 742 1103 quadrigis
763 1039 889 1087 evertam.

263 1130 436 1172 carnemve.
470 1113 534 1169 Cum
554 1114 630 1171 aibas
650 1117 853 1190 coccyssavcrit.

262 1216 369 1257 avana.
405 1198 554 1256 Curriculo.

263 1301 435 1344 marmure.
472 1284 499 1339 Si
521 1302 575 1340 non
597 1303 760 1360 saperemus.
791 1283 865 1341 Alios
885 1285 1142 1347 habesCermanos,
1166 1303 1233 1342 nora
1256 1287 1324 1361 apud
1348 1304 1397 1343 nos
1418 1296 1483 1343 sunt
1497 1296 1518 1338 tt

199 1369 310 1433 saecula,
341 1387 424 1426 nuces
445 1369 549 1425 abunde
575 1370 710 1432 trivimus,
737 1369 911 1444 plaustellum
937 1369 1096 1445 reliquimus
1123 1372 1259 1445 undique;
1293 1389 1384 1446 quaere
1406 1389 1484 1446 pere·

198 1455 305 1528 griuum
328 1455 452 1530 planum;
474 1472 524 1511 uos
546 1456 656 1530 egregie
678 1456 809 1512 novimus.

260 1557 368 1598 avena.
405 1539 578 1607 unanimum
597 1558 692 1614 magna
715 1539 841 1616 loquere,
864 1540 995 1615 parebitis
1018 1550 1120 1604 tamen,
1151 1549 1231 1615 atque
1254 1542 1400 1598 lutherum
1422 1561 1483 1600 eor·

198 1624 237 1681 ris
261 1625 368 1681 dabitis.

262 1726 435 1767 esuuauvs.
470 1709 551 1766 Putas
569 1710 655 1767 adbuc
677 1727 726 1767 uos
742 1711 973 1767 ltbomauensibus
997 1711 1050 1768 tuis
1072 1710 1222 1774 adsimiles,
1246 1712 1291 1786 qui
1315 1730 1370 1786 quo
1392 1713 1483 1769 verius
1494 1723 1517 1762 ¹⁵

199 1796 259 1870 quis
282 1794 418 1869 loquitur.
447 1813 479 1852 eo
499 1795 607 1868 gravius
627 1795 800 1852 insectantur.
841 1796 949 1852 memini
970 1796 1169 1853 ltbomanenses
1193 1797 1322 1870 quosdam
1345 1796 1484 1872 Sybaritas

197 1890 225 1937 et
246 1879 314 1937 hanc
339 1881 461 1936 amentiae
487 1881 644 1955 particulam
672 1881 785 1936 houesta
813 1881 925 1954 quadam
954 1881 1043 1955 specie
1074 1881 1209 1955 quandam
1231 1881 1309 1938 nobis
1334 1883 1483 1945 invexisse:

197 1965 245 2021 sed
263 1965 396 2022 lutherus
417 1964 620 2040 lympidissimis
646 1965 703 2022 suis
731 1966 807 2040 aquis
836 1967 993 2040 expurgavit
1016 1966 1103 2022 onmia
1132 1965 1317 2023 saluberrime.
1360 1967 1483 2025 delicatae

197 2059 261 2106 sunt
282 2050 367 2107 adhuc
388 2058 495 2106 tuorum
518 2068 611 2113 aures,
635 2050 722 2125 palata
744 2052 811 2106 satis
834 2050 939 2114 mollia:
963 2060 1018 2107 tum
1040 2051 1137 2125 quibus
1159 2069 1213 2107 non
1233 2052 1334 2108 arridet
1350 2051 1395 2108 ille
1409 2052 1483 2109 nulla

197 2133 411 2209 pestilentissimi
435 2135 508 2209 Euge
531 2135 717 2191 adsentatione
738 2136 863 2192 eorrditus
885 2135 1033 2192 versiculus
1491 2145 1516 2186 tt

397 2221 493 2294 Accipe
517 2219 596 2276 Sume
619 2221 688 2295 Cape
839 2229 903 2276 suut
926 2220 1003 2276 rerba
1026 2220 1158 2295 placentia
1182 2222 1280 2296 Papae?

258 2322 367 2363 simne.
405 2306 500 2363 Hmrco
535 2306 606 2361 iuter
630 2323 734 2361 sacrum
757 2313 785 2362 et
811 2323 916 2369 sarum,
952 2323 1005 2379 quo
1033 2323 1074 2362 rue
1103 2315 1202 2362 vertam
1232 2307 1337 2363 nescio:
1373 2307 1394 2363 si
1426 2325 1480 2363 non

195 2389 299 2448 curabit
321 2391 366 2447 ille
389 2391 452 2464 quid
478 2391 567 2447 cundo
589 2391 718 2464 consequi
742 2392 872 2466 possum?
897 2408 986 2447 arenae
1013 2391 1144 2447 mandabo
1167 2400 1313 2448 sementem
1343 2393 1427 2452 banc.
1457 2393 1480 2447 si

195 2477 303 2532 ‹lomrrm
319 2476 400 2532 redeo
416 2476 530 2549 negocio
552 2476 681 2551 pomeriis
704 2476 822 2532 nondum
847 2476 990 2550 impositis.
1019 2476 1090 2531 Proh
1114 2494 1181 2550 quau
1204 2495 1296 2550 prunas
1319 2475 1406 2533 luaru!
1427 2477 1478 2534 iam

194 2561 259 2617 milri
281 2561 375 2617 dentes
398 2561 538 2635 pruriunt,
560 2560 666 2617 sonmio
688 2561 795 2617 assidue
816 2561 981 2617 lidicularum
1003 2561 1156 2635 strepitum.
1487 2570 1512 2611 Β

259 2662 433 2704 enuuauva.
472 2645 521 2702 Fac
545 2647 616 2720 quud
639 2644 728 2710 lubet;
751 2664 802 2720 ego
825 2647 969 2709 Germane,
998 2646 1048 2701 boc
1070 2655 1112 2702 est
1139 2664 1200 2702 rere
1224 2655 1304 2721 atque
1331 2647 1477 2720 sapienter,

194 2729 242 2787 tihi
265 2730 387 2788 consule.

256 2833 366 2873 Banna,
403 2815 508 2871 Faciam
528 2816 600 2890 quud
622 2815 721 2872 debeo:
747 2833 832 2890 pergo
856 2816 953 2889 igitur.
983 2814 1076 2890 procul
1099 2816 1180 2871 duliio
1209 2815 1287 2872 bonis
1316 2815 1409 2872 avibus
1432 2816 1477 2871 ad·

193 2909 336 2958 secuturus
359 2900 455 2957 summi
476 2900 614 2957 Pontiheis
635 2901 742 2957 bostem
764 2900 932 2957 acerrimum.

254 3003 427 3044 unuusuvs.
464 2985 630 3059 Euangeliou
655 2984 775 3042 ieritatis
798 2994 1028 3060 propugnatorem
1053 2985 1259 3042 adamantinum.
1485 2994 1509 3033 ³⁰

255 3088 364 3129 avenn.
400 3071 428 3127 ln
448 3071 520 3127 bunc
541 3089 594 3128 non
617 3070 671 3127 illis
694 3071 767 3127 tibiis
793 3071 863 3145 apud
884 3089 934 3128 nos
956 3070 1053 3127 eeciuit
1074 3070 1175 3127 Eceius.

258 3172 431 3215 unumnmvs.
470 3155 537 3224 Quia
557 3155 629 3214 aliud
658 3165 752 3229 ageret
775 3156 903 3215 Ceekius.
933 3155 1081 3212 Gerumnus
1108 3157 1238 3229 degener,
1270 3156 1368 3229 dignus
1395 3156 1476 3212 etiarn

191 3247 222 3297 ut
243 3241 379 3299 Lacaenam
401 3249 511 3297 matrem
535 3241 644 3304 habeat,
668 3242 787 3299 llouiaue
805 3241 927 3298 l'uutilici
951 3240 1054 3315 absque
1075 3241 1147 3296 omui
1170 3241 1252 3296 luudo
1276 3239 1373 3296 vallum
1394 3250 1477 3316 atque

192 3327 292 3384 lessam
312 3326 452 3383 tribuens?

258 3458 266 3491 ¹
286 3461 315 3510 ai
333 3460 391 3509 suis
408 3456 467 3524 ete]
486 3464 523 3510 sr'a
540 3461 600 3509 edit.
615 3475 648 3509 aa
666 3458 739 3508 tuis?
791 3456 801 3489 ¹
820 3457 904 3522 Gyari
924 3458 1044 3522 (Gyarae
1061 3474 1082 3506 s.
1097 3457 1200 3522 Gyara,
1220 3458 1277 3507 bod.
1292 3456 1381 3516 Ioiira,
1399 3460 1477 3507 uraris

190 3545 282 3610 Aequa
297 3547 391 3603 laicata,
416 3545 442 3594 in
467 3562 539 3610 priam
556 3545 635 3595 Itome
652 3543 831 3608 relegabuntur
848 3545 894 3592 rei.
958 3540 1113 3607 Philoxeni]
1133 3541 1175 3592 Cf.
1189 3542 1262 3592 said.
1276 3558 1302 3592 r.
1321 3536 1476 3605 Φιλοξένου

189 3625 376 3697 γραμμάτιον.
401 3629 588 3691 „Philoxenus
601 3628 748 3693 Cytherius
762 3643 821 3678 cum
836 3643 868 3677 ex
880 3626 1002 3677 latomiis
1015 3626 1196 3690 Syracusanis
1209 3628 1351 3687 erasisset,
1366 3629 1393 3677 in
1407 3644 1475 3694 quas

191 3731 208 3765 ο
225 3716 360 3780 Dionysio
379 3715 522 3765 coniectus
540 3714 644 3775 fuerat,
670 3713 740 3778 quod
760 3714 818 3763 eius
840 3712 992 3778 trugoedias
1009 3727 1064 3761 uon
1083 3711 1294 3777 adprobaret..''
1347 3714 1474 3763 Temntii

187 3802 249 3850 ertit.
313 3800 418 3858 omnia,
444 3797 552 3850 Christis
571 3801 632 3849 edtt.
684 3794 860 3863 ‘Chnvird
879 3796 1163 3861 cfilrroea.rat,ll.3.
1182 3797 1475 3859 ‚‚Qui..llacclrune·

188 3884 228 3935 lia
246 3886 367 3936 rivunt''.
438 3885 494 3934 .Et
511 3885 572 3934 edit.
629 3883 640 3914 ¹
663 3899 745 3943 „num
765 3888 812 3932 tua
836 3898 879 3933 res
903 3883 1008 3948 agitur,
1025 3883 1124 3947 'peries
1144 3897 1203 3931 curn
1221 3882 1359 3947 proximus
1378 3883 1473 3934 ardet”

187 3970 284 4020 Horat.
298 3971 379 4034 epist.
398 3970 418 4020 l.
436 3968 472 4027 18,
486 3979 520 4020 tt.
578 3967 694 4031 ¹nybas
715 3969 775 4018 edit.
801 3967 881 4016 aibas
905 3965 997 4032 (galim
1013 3966 1102 4029 raritas)
1125 3983 1173 4017 noa
1196 3961 1339 4029 κοκκύζει,
1363 3983 1412 4018 aaa
1430 3985 1473 4019 ea·

187 4059 232 4104 att.
260 4043 350 4105 Ὀταν
367 4052 450 4120 aiflois
468 4045 600 4119 κοκκύοῃ,
619 4041 683 4102 τόθ’
701 4046 773 4114 ἕξεις
791 4050 922 4102 πλοῦτον.
942 4043 989 4102 ἐπὶ
1007 4048 1062 4101 τοῖν
1079 4041 1238 4101 adoratore.
1258 4052 1381 4117 Apostol.
1394 4054 1471 4102 Xlll.

189 4136 227 4190 13.
263 4139 359 4189 Simile
379 4139 427 4188 ‘Ad
446 4138 580 4189 kalendas
599 4137 727 4187 Graecas’.
781 4135 802 4169 ¹¹¹
819 4152 988 4203 saperemus,
1009 4136 1151 4187 ullesedr't.
1199 4134 1217 4168 ¹¹
1237 4136 1415 4187 Persectl.
1433 4137 1471 4187 m.

185 4239 240 4286 „ue
259 4223 376 4273 nucibus
389 4223 506 4273 facimus
519 4236 688 4288 quaeeunque
702 4220 825 4272 relietis'.
878 4219 988 4287 plausa]
1003 4221 1239 4272 ct.1{0r.sat.11.
1254 4220 1277 4283 3,
1292 4232 1339 4272 att.
1387 4238 1470 4288 quere

186 4311 247 4359 edit.
301 4306 323 4340 ¹¹
340 4307 454 4369 Planus,
467 4302 583 4369 πλάνος,
598 4308 735 4373 impostor.
757 4308 794 4370 Cf.
807 4308 900 4357 Horat.
914 4309 987 4370 epist.
1000 4307 1022 4356 1.
1040 4306 1077 4367 17,
1086 4316 1121 4356 aa.
1140 4323 1192 4356 cum
1206 4307 1317 4359 Acrone.
1371 4305 1392 4339 ¹¹
1412 4324 1469 4357 cor-

183 4391 234 4458 vis]
255 4384 283 4452 ἒς
301 4385 436 4457 κόρακας.
505 4390 527 4422 ¹¹
544 4393 622 4458 Euge
639 4412 674 4436 =
690 4393 904 4456 dominiasempcr
917 4391 1003 4455 ‘euge'
1022 4392 1137 4447 dicentis,
1151 4392 1330 4450 adsentatorie,
1348 4396 1469 4457 parastti.

182 4477 204 4511 ¹¹
216 4479 316 4529 Hoereo
328 4475 389 4543 etc]
403 4478 479 4528 luter
491 4492 599 4527 sacrum
612 4493 759 4543 sexumque
778 4481 829 4526 sto.
850 4476 939 4527 Plaut.
954 4475 1034 4541 Cept.
1048 4477 1098 4526 Ill.
1113 4477 1136 4535 4,
1150 4474 1191 4525 aa.
1244 4474 1266 4506 ¹³
1284 4492 1407 4542 possum,
1428 4493 1467 4527 ar.

181 4565 242 4613 edit.
277 4560 299 4594 ¹¹
317 4577 389 4627 pom.
403 4578 430 4612 n.
445 4559 519 4628 imp]
537 4567 554 4612 ι’.
568 4578 590 4612 e.
604 4580 652 4613 nou
661 4564 741 4626 finito.
762 4562 798 4611 cf.
813 4560 883 4610 Geli.
896 4560 928 4609 N.
942 4561 1052 4610 mxttt.
1069 4560 1105 4618 tt,
1119 4569 1139 4609 t.
1193 4577 1232 4610 er,
1246 4576 1280 4609 m.
1294 4558 1372 4626 sem]
1386 4560 1466 4611 Ovid.

181 4649 246 4698 Her.
264 4647 337 4710 5,1.t.
400 4643 424 4677 ²¹
441 4647 514 4696 dent.
533 4645 584 4714 pa]
612 4647 702 4698 Pleat.
723 4648 808 4696 Poen.
827 4645 859 4694 V.
873 4642 897 4703 ll,
911 4652 943 4693 tt.
1014 4643 1143 4712 fidiculae]
1162 4646 1298 4711 torquendi
1314 4647 1466 4711 reciperatas.

179 4731 203 4765 ¹¹
221 4730 347 4797 Laecam]
366 4734 384 4782 ἰ.
397 4748 421 4783 e.
434 4748 521 4783 seuere
540 4739 613 4783 nator
630 4738 789 4782 tractantem.
843 4728 863 4760 ¹¹
872 4735 899 4770 Β·
916 4730 957 4779 Cf.
972 4730 1030 4780 Cic.
1046 4729 1145 4781 udhtt.
1159 4731 1206 4780 lx.
1223 4730 1261 4791 12,
1274 4736 1295 4778 t.
