3382 5370
328 333 376 403 46
620 347 671 398 111.
741 364 878 399 nisnvuvs
897 363 919 397 s.
940 362 1020 398 ivan.
1056 363 1203 398 nunnoni-s.
1222 346 1308 413 (tots.)

267 522 312 573 §.t
390 535 517 579 clerus.
554 515 643 578 Valde
664 524 772 595 proter
793 518 958 594 opinionem
980 517 1033 578 ista
1056 536 1167 578 narras
1211 519 1335 598 proinde
1361 519 1386 578 si
1412 518 1464 580 tibi
1485 519 1608 589 videtur,

327 639 389 681 rom
413 620 519 680 clarius
541 636 667 696 expone,
692 627 723 679 ut
745 620 867 680 edoceas
890 637 953 679 earn
976 620 1076 689 vitam,
1100 622 1127 681 in
1150 640 1206 700 qua
1230 627 1258 680 te
1281 639 1335 699 ego
1357 620 1537 682 fortunatum
1559 640 1609 682 ex·

327 721 507 790 istirnabam,
531 727 618 799 alcpue
639 722 728 798 igitur
750 722 855 781 imitari
878 722 1080 789 decreveram,
1103 730 1255 801 tantopere
1277 723 1474 799 calamitosam
1497 742 1571 784 esse.

390 842 553 885 ursimus.
592 821 687 882 Facile
710 829 754 882 est
775 822 831 882 boo
853 821 1028 900 intelligere,
1053 825 1150 884 Casto:
1180 825 1260 886 vides
1290 826 1366 885 enim
1395 833 1428 885 nt
1449 824 1538 886 breve
1562 826 1606 886 rix

326 934 441 1004 ternpus
464 922 588 1001 colloqui
611 942 688 984 nunc
710 931 806 984 tecum
829 924 927 993 licoat,
951 925 1045 984 arnico
1060 933 1172 995 uetere,
1195 934 1224 986 et
1238 925 1347 1005 aliquot
1362 928 1419 987 ianr
1434 934 1500 1005 post
1514 945 1607 987 anuos
1629 947 1643 987 s

326 1029 442 1088 tandein
466 1027 569 1087 reviso.
615 1025 672 1085 bue.
695 1024 740 1085 illa
764 1027 840 1102 cogit
861 1033 972 1087 temero
1001 1025 1053 1086 abs
1081 1035 1109 1088 te
1138 1027 1205 1088 lelix
1235 1036 1333 1106 putata
1365 1029 1506 1097 conditio;
1541 1047 1608 1089 narn

327 1132 362 1191 ad
386 1131 538 1208 septimam
560 1128 655 1186 statim
679 1126 780 1187 lnrrarn
803 1128 937 1188 standum
960 1129 995 1188 ad
1024 1130 1163 1207 principis
1192 1129 1342 1198 conclave,
1377 1149 1463 1209 quern
1492 1132 1535 1190 sic
1556 1149 1608 1209 op·

326 1233 416 1311 periri
438 1231 604 1291 ceremonia
616 1237 679 1290 est.

390 1353 516 1395 casare.
555 1331 591 1391 Et
613 1331 750 1409 qnauuliu
773 1330 927 1391 standum?

390 1453 553 1496 mannus.
592 1431 708 1511 Aliquot
729 1450 805 1510 saepe
828 1433 925 1493 boras.
1297 1498 1302 1505 ,
1618 1458 1643 1499 10

391 1555 516 1599 caecus.
554 1534 646 1605 Orrem
670 1536 698 1593 in
720 1536 825 1594 usurnl

390 1657 552 1700 nisiaruvs
591 1635 684 1696 Officii
707 1655 808 1705 eausa,
831 1638 924 1716 siquid
949 1637 1050 1698 iubere
1072 1636 1138 1698 rolit
1161 1636 1207 1698 illc
1232 1638 1324 1706 lorte,
1353 1645 1403 1699 ant
1426 1658 1462 1699 ne
1485 1658 1542 1718 quo
1566 1641 1608 1700 in·

328 1742 490 1802 comitatior
512 1746 603 1799 exeat.
643 1738 716 1798 adeo
742 1757 806 1798 mea
835 1740 930 1798 omnia
954 1746 1033 1799 extra
1063 1758 1110 1800 nro
1138 1747 1219 1809 sunt;
1253 1742 1314 1818 ipse
1336 1741 1372 1800 ab
1396 1741 1515 1802 alterins
1537 1749 1608 1802 nutu

329 1864 362 1904 ac
385 1843 506 1920 imperio
529 1848 605 1900 totns
627 1840 749 1918 pendeo.

266 1953 312 2004 §.a
393 1963 518 2005 cssrrs.
555 1942 650 2014 Quid?
683 1941 752 2002 illnd
781 1941 935 2021 pulrbrrnn
965 1961 1022 2002 non
1052 1951 1096 2003 est
1117 1945 1159 2003 sio
1182 1945 1297 2006 restiril
1330 1963 1444 2005 summo
1466 1964 1532 2006 cum
1556 1944 1645 2010 tro-u

328 2049 406 2109 ruine
428 2045 668 2105 consuetudinem
692 2043 818 2104 babere?
840 2044 884 2104 bis
907 2045 1135 2105 innnnnitatibus
1157 2047 1227 2114 lrni,
1251 2046 1314 2107 luec
1336 2055 1528 2116 cerntreotare,
1553 2047 1609 2107 buc

327 2147 459 2226 ingredi?

389 2267 550 2310 ursmare.
589 2247 682 2319 Ouid?
705 2246 774 2307 illud
797 2248 928 2308 ‹letrirrne
951 2267 1008 2308 non
1032 2255 1075 2309 est
1098 2248 1133 2310 ad
1149 2249 1276 2311 subitum
1292 2249 1476 2311 tintinnabuli
1492 2249 1609 2327 piulsum

328 2354 411 2434 qrrasi
433 2350 552 2411 lnlrniuo
574 2350 708 2410 territum
730 2350 772 2409 sic
795 2349 911 2418 exilire,
935 2349 1055 2410 abiectis
1077 2351 1213 2412 onnribus
1235 2353 1270 2411 ad
1293 2354 1399 2413 suuuni
1426 2350 1502 2411 illius
1531 2353 1610 2412 iores

328 2457 501 2520 consistere,
526 2450 623 2529 ibique
646 2470 704 2510 nnn
727 2459 838 2510 tautum
862 2453 929 2530 qriid
953 2450 999 2512 ille
1023 2451 1133 2520 inliciat,
1156 2454 1206 2513 sed
1231 2454 1350 2532 etquid
1373 2462 1443 2514 irritu
1466 2455 1644 2531 significetui

328 2565 378 2618 arrt
400 2556 488 2633 digito
512 2561 625 2632 crepet,
649 2552 784 2631 religioso
807 2561 835 2613 et
857 2553 892 2612 ad
916 2554 1089 2614 anxietatem
1111 2574 1204 2633 usquo
1226 2555 1402 2616 observaret
1424 2552 1536 2614 nullum
1560 2555 1609 2614 ba-

328 2659 400 2720 bere
421 2657 475 2717 sibi
497 2662 629 2732 tempus,
652 2653 763 2715 nullum
786 2652 882 2714 locuni
905 2656 1072 2732 proprium,
1101 2659 1197 2716 omnia
1220 2657 1371 2733 precario?
1399 2655 1491 2717 aliena
1514 2657 1609 2716 rivere

329 2760 457 2841 rpradral
479 2757 515 2817 ad
538 2774 654 2816 ornnem
678 2757 818 2834 principis
840 2775 996 2816 ‹icenrsrnn
1011 2756 1136 2834 pallere,
1160 2756 1350 2826 erubescere,
1373 2758 1514 2834 litgilarel
1536 2777 1609 2818 non-

329 2878 478 2939 nunquam
507 2860 609 2920 timere
638 2878 672 2917 ac
698 2857 925 2936 ‹ilistnpcsccre
958 2865 1019 2918 turn
1054 2857 1142 2918 multa
1175 2859 1312 2919 simulare
1344 2880 1378 2919 ao
1410 2859 1610 2921 dissimulare?
1641 2844 1643 2849 ¹

328 2964 412 3023 toties
434 2978 528 3038 genua
551 2960 714 3030 inllectere,
738 2961 878 3038 tantisper
900 2960 978 3020 nudo
994 2978 1058 3019 esse
1074 2961 1198 3020 vertice?
1220 2962 1316 3021 omnia
1332 2959 1489 3030 serviliter,
1512 2963 1643 3025 oinniaaa

328 3062 498 3144 suppliciter
520 3080 622 3138 agere.
657 3080 804 3140 uunquam
828 3063 868 3121 tui
891 3063 962 3121 iuris
984 3062 1066 3121 ossei
1098 3064 1210 3140 maguis
1238 3064 1287 3124 diu
1313 3062 1478 3132 laboribus,
1512 3064 1610 3124 multis

329 3165 431 3244 uigiliis
454 3165 581 3225 larorom
606 3163 729 3223 bominis
751 3163 886 3241 raptare?
909 3163 1065 3224 obsecrare
1086 3183 1124 3223 ne
1147 3165 1214 3242 qnid
1238 3165 1317 3225 ilices
1339 3166 1416 3243 quod
1440 3164 1487 3225 ille
1502 3165 1609 3244 proba·

329 3277 412 3329 turris
435 3267 566 3334 inculsit,
589 3264 697 3325 rredmn
720 3264 846 3343 nequid
871 3262 975 3325 laciasl
1008 3274 1148 3344 perpetua
1177 3285 1243 3326 etum
1272 3266 1392 3343 pacilius
1414 3267 1517 3326 irn'idia
1540 3285 1609 3327 corr·

329 3370 450 3431 llictaril
472 3367 586 3427 laudem
610 3368 718 3444 pariter
740 3384 774 3427 ac
797 3368 1036 3445 vituperationem
1060 3367 1178 3445 indigno
1194 3366 1258 3427 loco
1274 3369 1401 3445 proteret
1423 3367 1494 3428 nibil
1511 3369 1609 3431 elicere

328 3473 406 3552 sperent
429 3471 535 3531 seritius
557 3469 607 3529 sed
631 3468 708 3549 qnod
731 3471 897 3529 conveniatl
920 3469 1044 3548 plurima
1066 3469 1188 3537 debere,
1213 3469 1335 3546 pilitrirna
1352 3477 1468 3549 accepta
1486 3472 1643 3540 referrem

329 3573 484 3642 assentari,
507 3570 633 3637 adulari,
658 3572 751 3649 ipsnrn
775 3577 802 3630 te
825 3571 987 3649 negligere,
1015 3573 1110 3631 munia
1133 3570 1251 3631 alterins
1273 3590 1351 3632 curm
1374 3573 1535 3650 mancipata
1558 3573 1609 3633 lia-

333 3677 419 3743 bere,
443 3674 558 3752 indigna
582 3672 670 3734 multa
694 3674 804 3739 lacere,
833 3672 920 3732 multa
945 3674 1017 3751 pati.
1047 3691 1124 3750 scopo
1147 3681 1246 3733 contra
1269 3681 1403 3734 crateram
1426 3675 1609 3735 conformare

329 3786 359 3838 tc
381 3776 462 3837 aliis?

270 3883 315 3934 tt·
394 3898 518 3964 opscus.
556 3877 635 3938 blare
658 3877 801 3936 nmlorum
825 3895 1044 3937 reimurernoras.

392 4000 554 4044 ursarnrs
593 3979 682 4039 llecte
704 3980 746 4038 ais
768 3998 863 4048 lirare,
893 3988 921 4040 et
942 3981 966 4039 si
988 3978 1059 4040 libet
1086 3979 1162 4040 adde
1184 3978 1302 4060 Tyrium
1325 4000 1420 4049 mare,
1455 3980 1532 4059 qnod
1555 3981 1643 4040 imas

332 4153 533 4162 ——-—

397 4249 740 4318 ³utqircmdecreueram
758 4251 894 4305 andioli.
955 4250 1095 4303 “tandem
1113 4254 1183 4304 omia.
1198 4256 1240 4304 13.
1304 4252 1366 4303 Huc
1384 4252 1609 4304 eorr.ll.eaeSie

331 4340 391 4390 edd.
452 4337 627 4387 foelix1.eic.
647 4337 756 4386 felixd.
819 4336 849 4368 Μ
866 4338 969 4403 operiri
985 4341 1045 4389 edd.
1057 4347 1156 4404 prnder
1173 4345 1198 4389 5.
1268 4338 1289 4370 ¹⁰
1306 4354 1371 4404 sepe
1390 4344 1415 4388 5.
1479 4336 1499 4370 ¹²
1517 4339 1608 4402 siq...

333 4425 404 4473 sorte
427 4438 495 4471 corr.
517 4423 550 4471 ΙΙ.
574 4421 636 4471 dum
663 4421 768 4486 aliquid
792 4422 837 4472 ille
866 4425 974 4484 iubeat,
1003 4425 1062 4475 edd.
1137 4423 1158 4457 ¹³
1175 4430 1242 4473 nutu
1261 4424 1324 4487 fecit
1343 4425 1378 4473 H.
1397 4438 1433 4473 ear
1455 4425 1530 4472 iussu
1548 4423 1607 4472 edd.

331 4507 352 4540 ¹⁶
370 4507 440 4557 lllud
453 4507 488 4556 11.
534 4505 746 4572 'thaelneos
792 4506 1220 4559 “tintinabulisnocomll.
1255 4505 1333 4558 ”ab
1345 4509 1400 4558 riv.
1414 4508 1519 4573 quadra
1537 4507 1568 4569 (i.
1583 4526 1609 4560 e.

331 4592 448 4656 mense).
468 4591 592 4655 lurenal.
606 4597 659 4642 snt.
673 4593 705 4641 V.
717 4592 742 4642 2.
782 4591 802 4624 ³¹
822 4608 886 4642 eure
904 4599 929 4643 5.
950 4596 1022 4646 Gerr.
1038 4595 1073 4643 H.
1119 4592 1142 4625 ³⁵
1160 4610 1234 4643 mare
1254 4593 1382 4644 aulicum.
1400 4597 1425 4644 in
1443 4610 1522 4658 remp.
1536 4598 1608 4644 Md.

333 4678 426 4745 ‘'l'yria
445 4679 539 4727 maria'
559 4678 586 4726 in
605 4678 777 4744 prouerbium
795 4678 939 4728 deductum
958 4684 1001 4729 est
1017 4686 1064 4729 etc.
1083 4679 1159 4731 Fest,
1173 4680 1216 4729 ed.
1229 4679 1338 4730 Miiller.
1356 4697 1382 4748 p.
1396 4679 1453 4731 355.
