3382 5370
414 371 461 420 Xl.
531 386 690 420 ruccones.
761 388 898 421 umnoovs
919 386 1101 422 rrvrrnnrcrs.
1127 368 1211 434 (rotat.)
1368 355 1439 426 395

169 549 198 602 ut
223 559 295 602 nore
317 560 348 602 se
372 543 508 610 vestiant,
532 559 598 602 eum
621 548 733 601 mentes
755 541 904 602 hominurn
927 549 956 602 et
978 543 1165 618 cogitationes
1187 543 1257 601 scial
1279 541 1365 609 cleris,
1388 558 1443 601 nec

170 651 302 721 oporteat
324 641 409 703 aliam
431 644 495 703 lieri
516 644 592 703 inter
614 642 747 703 lroruines
776 645 987 712 ostensionem,
1016 661 1102 721 qrram
1131 663 1166 702 ex
1189 643 1273 703 horris
1295 642 1443 722 operibus,

170 764 234 824 opusc
250 754 292 805 est
308 744 385 806 nulla
401 764 468 806 cum
490 745 672 805 affectatione
694 745 785 815 lancta,
808 744 860 805 sed
883 752 913 805 nt
936 747 964 805 in
988 744 1152 823 exemplum
1175 744 1222 804 illa
1245 745 1362 813 eedaut;
1386 746 1444 805 sire

169 844 251 915 mali,
275 855 381 925 quarata
404 856 447 907 est
469 847 612 925 pernicies
634 849 675 907 sic
698 848 862 907 conversari
884 847 1065 916 hominihus,
1094 854 1123 908 et
1145 849 1270 925 optimus
1292 854 1445 908 censeatur

143 950 218 1027 sqoi
242 950 305 1009 vivit
327 951 472 1028 pessime?

231 1072 401 1114 rrrrrcuvs.
439 1051 510 1112 Rem
533 1059 622 1111 terres.
647 1051 697 1112 sed
714 1070 780 1111 eum
801 1050 908 1129 alioqui
930 1051 1123 1113 diversissime
1144 1052 1238 1112 sinant
1261 1058 1302 1112 tot
1316 1053 1433 1114 ordines
1445 1061 1511 1112 §.¹⁴⁴-

169 1161 381 1232 teneanturque
403 1153 584 1214 aerrrrilatione
607 1155 730 1215 invicem
752 1154 893 1213 acerrima
916 1171 950 1212 ac
972 1153 1044 1213 odiis
1066 1172 1098 1214 se
1119 1160 1148 1214 et
1169 1153 1363 1215 simultatibus
1385 1153 1444 1215 col·

169 1255 311 1326 lacerent,
334 1258 391 1316 scis
413 1257 480 1334 qnirl
504 1256 621 1316 tanrlem
644 1257 795 1316 corrueniat
817 1253 901 1314 simul
924 1253 1077 1315 omnibns?

232 1378 428 1420 arnsuorsovs.
466 1357 549 1418 llanl
577 1375 722 1436 quaquam
749 1358 825 1424 seio,
854 1374 949 1434 neque
977 1359 1132 1417 eorrrenirc
1160 1357 1264 1437 alirprirl
1296 1361 1444 1421 existimo:

140 1461 208 1519 ttita
232 1460 340 1538 nhirprc
362 1459 542 1537 discrepant,
566 1460 632 1519 data
655 1458 774 1537 singulis
796 1475 886 1536 opera
908 1476 944 1518 ne
968 1459 1036 1536 quin
1059 1478 1212 1520 commuue
1234 1459 1446 1546 pmfflfm'

171 1581 238 1622 cnm
260 1562 322 1622 aliis
344 1562 470 1622 habeant
492 1570 541 1622 aut
564 1562 683 1629 iaciant,
708 1567 816 1628 vestes,
840 1561 972 1630 aedilicia,
1003 1562 1174 1631 conciones,
1203 1579 1302 1631 sacra,
1331 1580 1443 1640 preces,

171 1672 360 1734 concentum,
385 1665 572 1725 caeremonias
594 1671 623 1724 et
644 1661 893 1738 gesticulationes,
920 1664 1031 1724 omneis
1059 1664 1185 1725 breviter
1208 1673 1289 1724 actus
1311 1672 1340 1725 et
1360 1667 1442 1726 ritus.

234 1786 404 1828 nvnnsuvs.
442 1767 473 1827 ln
496 1763 559 1825 aliis
573 1766 612 1825 ita
628 1765 728 1833 lraliet,
753 1766 782 1824 in
797 1765 854 1825 hoc
870 1783 939 1825 cero
954 1768 1128 1826 unanimiter
1144 1766 1331 1836 concordant,
1355 1767 1433 1845 quod
1444 1775 1511 1826 tata.

170 1867 256 1929 rclrrti
285 1868 409 1946 quadarn
438 1869 566 1928 instituta
594 1867 649 1927 sibi
678 1868 878 1928 coniurations
901 1866 992 1927 bonas
1014 1867 1111 1928 literas
1133 1876 1162 1928 et
1183 1866 1244 1928 illa·
1267 1870 1274 1939 Ι
1295 1867 1447 1945 gsstfflppfllffi

139 1984 237 2030 urum
259 1973 367 2047 peritos
390 1970 456 2031 oilie
479 1978 507 2031 et
528 1969 690 2029 intensione
717 1976 948 2049 persequuntur,
979 1970 1008 2029 iu
1036 1977 1148 2029 terntnm
1177 1978 1208 2030 ut
1233 1971 1289 2031 iam
1319 1972 1355 2033 tle
1384 1972 1446 2033 aliis

171 2072 253 2132 larile
275 2072 329 2132 sihi
352 2073 472 2142 cedant,
495 2073 565 2133 ilum
587 2073 817 2150 pertinacissime
840 2074 1021 2131 consentiant
1042 2072 1103 2132 nio:
1126 2090 1193 2132 nam
1216 2072 1310 2134 solnm
1333 2083 1376 2135 est
1391 2074 1447 2136 lroc

171 2175 319 2243 omnium,
342 2176 371 2234 in
394 2194 451 2253 quo
474 2175 552 2236 idem
575 2173 620 2233 isti
643 2173 759 2241 nolunt,
782 2173 860 2234 irlem
882 2173 989 2233 volunt.

233 2297 432 2339 rnnucuscvs.
469 2276 544 2337 Hinc
565 2274 611 2334 illa
635 2279 705 2351 puto
727 2275 756 2333 iu
778 2275 938 2335 Lullierum
961 2277 1144 2354 conspiratio.
1279 2271 1285 2340 l
1309 2301 1332 2336 n.
1347 2302 1444 2338 sarim..

233 2398 403 2441 inversura.
441 2378 515 2438 lliue
531 2386 559 2437 et
581 2380 608 2436 in
631 2376 718 2437 alios:
742 2395 809 2437 nam
832 2378 896 2456 qrris
917 2385 997 2439 recte
1019 2378 1122 2438 doctiss
1144 2377 1180 2438 ab
1203 2376 1258 2437 illis
1279 2387 1358 2440 tutus
1375 2382 1514 2440 estleia.

139 2494 164 2532 ²⁰
238 2501 435 2543 rusucrscvs.
473 2480 517 2540 Ob
540 2480 615 2541 lianc
637 2498 706 2540 reor
729 2497 875 2549 caussam,
898 2482 964 2559 quia
985 2479 1147 2558 periculum
1170 2479 1224 2540 sibi
1246 2488 1305 2550 est,
1327 2481 1377 2542 uhi
1400 2503 1447 2543 vo-

173 2602 239 2644 rum
262 2583 421 2661 praedicant
442 2582 498 2652 illi,
526 2601 563 2642 ue
585 2581 756 2660 redigantur
777 2584 808 2642 iu
829 2582 961 2643 ordinem
984 2589 1034 2643 aut
1055 2601 1160 2660 parum
1182 2581 1303 2644 leliciter
1325 2583 1378 2644 sibi
1401 2604 1448 2645 ce·

173 2685 220 2744 un
242 2685 424 2744 mendicatio.

235 2807 405 2848 nvrrnuvs.
445 2785 488 2845 Ob
517 2786 592 2846 lianc
619 2788 728 2865 ipsam,
759 2794 788 2847 et
817 2790 884 2865 (pria
907 2788 1077 2847 crassissimi
1099 2806 1165 2848 cunr
1187 2789 1259 2856 sint,
1288 2789 1447 2849 electriuam

171 2888 227 2949 illis
248 2889 375 2949 inricleut
397 2896 426 2948 et
448 2889 484 2949 rle
506 2889 599 2948 clectis
620 2891 804 2967 suspicantur
826 2888 900 2950 ursle
922 2889 1066 2949 (scurribus.
1276 2903 1282 2972 Ι
1304 2888 1444 2965 fffiggg‘glf‘

139 3006 164 3043 os
236 3010 434 3054 srrsucrscvs.
472 2991 537 3052 Nou
560 2992 679 3052 iniuria:
702 3009 769 3051 nam
793 2990 882 3051 literar
905 2992 1037 3060 luerunt,
1065 3010 1119 3069 per·
1141 3010 1213 3070 qrras
1233 2992 1355 3070 resipuit
1377 2999 1447 3054 tenr-

172 3100 282 3170 pestutc
304 3093 358 3153 lrac
381 3094 547 3155 Gerruania.

235 3215 405 3257 evonenus.
443 3195 583 3255 Fuerunt.

235 3317 433 3358 rnsucrscvs.
471 3299 564 3374 Atque
588 3298 688 3358 carlom
712 3305 812 3364 ermrt,
837 3305 920 3374 puto,
945 3316 1010 3375 qum
1032 3298 1150 3357 exitium
1173 3296 1227 3357 illis
1250 3298 1390 3359 adferent.

235 3419 405 3460 nrrrsuvs.
443 3399 568 3468 Eadem,
593 3397 831 3460 courmonelactis
853 3398 934 3458 veliis
957 3416 994 3459 ne
1016 3406 1083 3476 post
1105 3399 1159 3458 nac
1181 3418 1267 3460 aures
1282 3401 1435 3477 praebeatis
1446 3407 1514 3456 §.tta

139 3501 366 3578 anparasitastris
394 3501 591 3581 arlteuiperstc
614 3502 708 3560 omnia
732 3499 917 3578 loquentibus
946 3510 974 3561 et
996 3500 1183 3570 iacientibus
1207 3502 1276 3561 dum
1299 3505 1306 3574 Ι
1328 3501 1440 3578 ξξῇξξζῗῇή

172 3619 203 3661 se
226 3608 365 3679 augeant,
389 3621 439 3662 ros
462 3604 633 3681 corripilent,
658 3604 703 3681 pia
726 3604 863 3663 intentata
887 3603 998 3663 l'raurle.

234 3724 432 3765 rusucrscvs.
470 3705 520 3764 Est
543 3705 675 3782 quodam
698 3706 785 3783 igitur
808 3707 853 3783 pia
877 3706 963 3765 etiam
986 3705 1085 3765 lrausl
1328 3720 1447 3789 puntiau.

235 3825 405 3867 uvernerus.
444 3805 487 3866 llli
515 3824 579 3867 esse
607 3807 722 3875 (lionut,
752 3825 850 3867 rerum
874 3813 974 3867 natura
1004 3813 1103 3883 negat,
1132 3813 1160 3866 et
1187 3806 1346 3866 detestatur
1367 3806 1448 3876 (laus,

174 3911 221 3988 qui
246 3909 371 3968 veritatis
401 3909 605 3986 predicatione
633 3910 668 3969 erl
691 3912 736 3969 sui
759 3909 867 3970 cultum
891 3910 1017 3969 excitare
1039 3926 1131 3986 genus
1153 3908 1314 3969 lrrrmanum
1337 3912 1343 3979 Ι
1368 3928 1449 3964 versu·-

139 4010 277 4078 assoluit,
301 4010 459 4070 rrrerulaciis
482 4018 511 4070 et
532 4011 696 4072 lictionibus
718 4029 777 4069 uon
800 4010 896 4069 roluil.

235 4131 431 4174 conscissus.
471 4112 561 4191 lgitnr
576 4114 721 4173 eiiciamus
736 4129 872 4192 peruerse
895 4110 1045 4190 religiosos
1068 4113 1146 4180 istos,
1168 4120 1201 4172 ut
1223 4110 1304 4173 locus
1348 4112 1437 4195 {53:513
1450 4121 1516 4170 tus.

172 4216 207 4272 sit
231 4234 305 4274 verre
328 4216 424 4292 pietati
448 4223 476 4274 et
498 4215 602 4275 rooles
624 4216 672 4275 liat
694 4216 827 4292 pessimae
849 4214 966 4274 tanrlorn
988 4214 1175 4291 supinationi:
1206 4215 1268 4274 lteri
1291 4216 1366 4275 enirn
1389 4232 1447 4274 uon

172 4324 282 4393 potest,
307 4325 445 4394 spirantum
469 4317 610 4394 intelligo,
635 4325 666 4376 ut
688 4320 716 4376 in
739 4315 842 4376 melius
858 4317 1025 4376 restituatur
1041 4315 1204 4383 Gerurania,
1227 4331 1234 4400 Ι
1257 4314 1448 4392 ξξζξᾞζξξςῆἦψ

173 4419 225 4477 uisi
259 4418 293 4476 ml
328 4437 469 4478 surunraru
500 4421 672 4496 platonitatem
702 4417 825 4478 redactis
852 4416 1065 4486 sacerdotium,
1095 4418 1245 4478 rrronaclris
1273 4436 1342 4477 vero
1369 4419 1450 4496 peni·

138 4528 219 4578 aulus
248 4522 350 4589 stiunt,
380 4528 411 4580 nt
440 4521 611 4589 tumeries,
635 4518 757 4580 abolitis.
796 4520 827 4579 ld
850 4520 927 4599 qrrod
951 4538 1008 4579 nou
1030 4520 1159 4580 «lesinam
1182 4519 1282 4581 serlulo
1304 4518 1450 4580 inculcare

173 4643 238 4681 rueo
261 4621 379 4690 Carolo,
403 4642 461 4701 quo
483 4641 520 4683 nc
537 4625 661 4699 patiatur
678 4629 720 4682 tot
742 4622 788 4682 liic
811 4624 925 4682 ociosos
947 4622 1080 4683 lromiues
1102 4641 1216 4684 annona
1240 4641 1360 4704 gravare
1375 4622 1449 4683 Ger·

173 4741 305 4783 rrrarnaru.
