3382 5370
221 330 293 401 376
458 345 505 394 xl.
575 359 734 395 rannessa.
804 359 943 394 nranoovs
963 358 1146 393 nvrrrurcvs.
1172 341 1253 406 (tarn.)

219 511 415 600 {ffllffl‘l'p
448 511 557 574 litatem
585 513 678 591 magis
704 513 825 581 iactent,
860 529 926 572 cnm
956 530 987 570 re
1016 512 1077 589 ipsa
1106 530 1163 571 non
1192 512 1313 588 perinde
1334 510 1498 571 exhibeant.

151 615 317 693 euinque
340 613 513 693 imaginibus
535 631 652 691 semper
673 611 766 691 plenae
788 620 856 673 sunt
877 614 981 674 domus
1010 621 1126 682 vestrae,
1156 631 1316 691 euntesque
1343 612 1501 673 inscribitis

221 735 396 795 quocunqne
419 716 609 794 perveneritis
630 716 770 792 parietes;
792 714 886 775 bonas
906 732 976 774 vero
998 715 1086 775 arteis
1108 714 1204 775 coiere
1219 734 1270 775 ros
1284 714 1361 775 band
1377 713 1500 774 urnltunr

219 815 393 893 ffiljssfflfflmr
416 831 423 903 Ι
446 818 537 878 video.
583 836 708 895 cumque
730 817 846 895 generis
868 818 1057 895 praerogativa
1083 824 1111 876 et
1126 817 1202 877 inani
1219 816 1375 877 nobilitatis
1389 822 1421 876 nt
1437 815 1500 894 pln-

220 920 326 978 rimnm
349 918 542 998 appellatione
565 919 692 981 ed'eratis
715 938 764 978 vos
786 925 815 978 et
842 919 968 979 contenti
997 917 1080 978 lacile
1107 919 1182 987 sitis,
1216 917 1355 995 praeclara
1384 919 1520 977 interime

221 1017 388 1097 {tlsslgffl'bt
422 1021 509 1082 cdere
537 1021 665 1081 facinora
694 1022 753 1081 cui·
769 1038 838 1081 cura
862 1022 912 1088 sit,
941 1027 1047 1099 unctus
1076 1020 1191 1081 taudem
1220 1020 1342 1099 quisque
1374 1026 1501 1078 restrum

224 1122 285 1182 est?
307 1141 404 1183 nonne
427 1124 574 1202 quiescitis
596 1121 678 1183 lacile
700 1122 753 1190 ibi,
778 1129 806 1183 et
828 1123 944 1182 nentina
967 1121 1115 1181 mordicus
1136 1126 1269 1181 tenentes
1286 1122 1397 1181 virtutis
1412 1140 1501 1181 aemu-

155 1236 214 1288 aas.
225 1223 361 1285 lationem
384 1225 535 1286 deseritis?
558 1225 612 1285 ridi
636 1245 669 1286 ex
693 1232 788 1286 restro
811 1226 913 1285 ordine
936 1224 985 1302 qui
1007 1231 1039 1284 nt
1054 1223 1187 1283 iniuriam
1202 1223 1420 1301 expostularent
1435 1241 1501 1283 curn

221 1323 336 1408 mpla„
359 1335 367 1404 Ι
389 1326 423 1386 iis
445 1328 494 1405 qni
518 1346 548 1387 sc
571 1328 723 1406 magnifice
744 1327 841 1388 miuus
862 1324 1085 1404 appellaverant.
1130 1324 1176 1385 alii
1204 1331 1312 1404 cogunt
1334 1343 1388 1384 uos
1410 1325 1502 1385 bono·

222 1445 285 1488 rem
309 1427 417 1490 babere
440 1429 509 1497 sibi,
537 1428 617 1489 nullo
641 1448 736 1508 neque
758 1431 822 1492 inre
844 1447 939 1507 ueqrre
961 1428 1064 1488 merito
1087 1446 1173 1506 (priam
1197 1428 1273 1506 qtrod
1298 1428 1346 1488 tali
1374 1428 1431 1486 sint
1452 1446 1502 1504 ge·
1514 1445 1537 1483 u

224 1547 310 1597 nere;
334 1531 467 1590 inventus
490 1532 576 1591 etiarn
600 1538 643 1591 est
665 1533 715 1610 qui
737 1531 846 1592 bellum
869 1531 1010 1590 indiceret
1032 1529 1161 1589 noneste
1183 1531 1304 1597 civitati,
1327 1531 1356 1589 in
1379 1547 1435 1607 qua
1451 1529 1503 1589 bo-

223 1632 343 1691 neritice
366 1634 434 1692 satis
457 1632 499 1709 (ut
520 1634 581 1711 ipse
604 1633 725 1712 serebat)
749 1641 888 1694 tractatus
910 1650 967 1692 non
989 1638 1079 1699 esset;
1104 1650 1137 1691 er
1160 1650 1216 1710 qua
1231 1638 1290 1691 tam
1307 1629 1386 1690 uibili
1403 1649 1503 1691 caussa

225 1732 338 1792 miserm
360 1734 558 1813 sequebantur
581 1736 676 1796 statim
699 1736 822 1816 rapinae,
846 1734 941 1795 caedes
957 1734 1043 1794 etiam
1060 1741 1088 1793 et
1102 1734 1250 1801 incendia;
1274 1751 1369 1810 neque
1385 1733 1505 1793 deerant

223 1835 308 1894 amici
336 1842 363 1894 et
392 1838 506 1914 cognati
534 1836 584 1916 qni
613 1843 643 1895 ut
670 1838 700 1897 in
727 1856 760 1897 re
788 1838 862 1897 mire
890 1837 1011 1897 bonesta
1039 1834 1209 1897 bellatorem
1239 1834 1318 1896 illum
1341 1852 1397 1911 ope
1418 1841 1504 1912 atque

224 1936 329 2016 opibus
356 1938 502 2008 iurarent,
537 1946 565 1999 et
592 1940 674 2017 qumi
701 1957 755 2019 pro
789 1939 895 2018 patria,
929 1957 983 2016 pro
1015 1937 1155 2016 religione
1188 1945 1217 1998 et
1249 1935 1363 2015 legibus
1395 1935 1503 1996 bellum
1516 1957 1539 1996 n

225 2044 316 2106 esset,
340 2040 378 2098 ita
402 2040 582 2101 saeviebatur.
627 2041 678 2101 Est
700 2042 756 2101 boe
779 2042 929 2120 egregium
953 2042 1015 2100 vitae
1036 2041 1217 2101 institutum?
1239 2046 1289 2099 ant
1305 2039 1382 2098 lieno
1398 2055 1506 2114 genere

226 2140 305 2218 digni
328 2148 395 2201 sunt
417 2142 445 2201 bi
468 2144 584 2204 mores?

158 2257 217 2306 too.
289 2264 487 2306 rnsserscvs.
526 2245 589 2306 llixi
618 2248 700 2324 prius
729 2246 779 2307 tibi
807 2246 843 2306 de
873 2247 906 2306 iis
935 2246 1002 2324 qnid
1032 2245 1154 2305 sentiam
1182 2245 1231 2322 utu
1260 2242 1331 2303 tales
1364 2252 1445 2309 sunt,
1479 2250 1508 2302 et

225 2341 337 2430 „3304ss
363 2357 370 2425 Ι
393 2347 639 2424 ‹praenitidmodtun
663 2349 824 2409 existimem
849 2347 1027 2408 nobilitatem
1051 2346 1176 2425 prodere
1199 2365 1300 2407 orrrrres
1322 2347 1370 2423 qtti
1392 2344 1429 2404 ab
1445 2346 1507 2404 olb-

226 2447 271 2507 cio
293 2447 336 2507 sic
357 2447 524 2518 discedunt,
553 2470 588 2511 ae
610 2452 638 2510 in
661 2452 766 2511 intimis
789 2449 955 2517 babendum
987 2449 1039 2509 sed
1060 2457 1092 2509 tu
1115 2467 1179 2527 «pne
1203 2448 1269 2508 vitia
1284 2448 1542 2508 'corruumerastiao

226 2548 327 2617 modo,
363 2568 396 2609 ea
418 2550 460 2609 sic
483 2552 625 2630 irnpinges
647 2552 744 2620 nubis,
778 2559 811 2612 ut
838 2552 1002 2611 comnnmia
1031 2549 1181 2611 robiseunr
1208 2569 1272 2609 esse
1295 2550 1390 2608 onmia
1414 2549 1506 2609 sinas:

227 2664 293 2709 nani
324 2657 352 2709 et
380 2651 408 2710 in
436 2651 560 2712 urbibus
588 2654 699 2713 iactatis
727 2652 929 2731 qrtalecunqne
958 2672 1051 2729 genus
1079 2661 1108 2714 et
1135 2652 1206 2712 alies
1234 2651 1279 2711 alii
1308 2652 1507 2720 contemnum

227 2748 370 2837 lilim!
398 2751 469 2814 luxu
492 2772 561 2813 reru
584 2756 695 2815 rirnitis
723 2773 777 2815 rios
804 2754 891 2831 longo
922 2752 1086 2822 intervallo,
1121 2774 1154 2814 ao
1183 2756 1212 2815 in
1241 2755 1305 2813 rino
1334 2761 1362 2813 et
1390 2752 1508 2831 crapula

228 2858 342 2912 aetatem
364 2853 468 2932 degitis
489 2856 646 2917 admodum
668 2857 816 2917 indecore..

159 2951 352 3037 t.n.2,‘,l',f,'‡2,⁵‚l
416 2978 591 3020 mascaron.
630 2958 687 3019 Vns
709 2966 805 3019 autem
828 2959 915 3036 qnid?
937 2977 1034 3018 ritrnne
1057 2959 1187 3019 insanitis
1210 2956 1336 3019 bibendo
1359 2958 1452 3035 saepe?
1517 2984 1544 3021 aa

291 3078 489 3121 rnascramrs.
528 3061 641 3122 Utinam
665 3062 781 3141 qrridem
803 3061 901 3122 dicere
925 3079 1040 3138 possem
1064 3079 1123 3121 nou
1146 3080 1209 3122 csse
1231 3061 1349 3120 insitum
1372 3059 1439 3119 lunc
1461 3078 1509 3117 or·

228 3156 287 3217 dini
309 3159 408 3220 vitium
431 3161 502 3221 boc:
532 3169 576 3224 est
597 3164 689 3232 enirn,
718 3164 768 3224 sed
791 3165 901 3230 rarius:
931 3170 964 3222 nt
990 3161 1148 3242 plurimum
1178 3182 1247 3224 rero
1277 3169 1321 3222 est
1342 3179 1434 3238 penes
1456 3180 1511 3219 nos

228 3263 350 3336 agrestis
373 3263 503 3342 quaedam
527 3271 556 3324 et
578 3265 685 3326 inculta
708 3264 898 3343 negligentia,
928 3283 1014 3344 ortam
1037 3272 1069 3324 tu
1092 3267 1235 3325 feritatem
1258 3266 1460 3342 interpretaris
1483 3271 1512 3324 et

228 3361 467 3426 inhumanitatem
484 3385 582 3436 socas;
606 3375 686 3428 certo
701 3366 860 3447 simplicius
874 3369 995 3428 visimus
1010 3386 1097 3445 «praua
1114 3386 1179 3435 ros,
1203 3374 1232 3426 et
1246 3368 1400 3444 antiquius,
1425 3368 1509 3426 etiam

229 3465 437 3535 continentius,
473 3476 501 3528 et
529 3477 600 3547 puto
627 3470 725 3530 sobrie
754 3471 845 3548 magis
868 3488 902 3529 ac
931 3472 1073 3535 severius:
1107 3475 1194 3547 atque
1218 3470 1245 3527 iu
1268 3486 1406 3546 agrmunr
1430 3467 1545 3529 cultum

228 3562 338 3642 illlis*
360 3560 368 3632 Ι
390 3576 419 3629 et
440 3569 555 3631 militari
578 3571 728 3650 disciplina
752 3573 856 3635 versati
878 3573 991 3631 omneis
1012 3577 1152 3648 praeterea
1176 3569 1308 3630 lucrandi
1335 3570 1438 3629 nendos
1466 3569 1479 3627 l
1500 3601 1511 3613 ·

159 3669 340 3746 reginus,
371 3678 399 3730 et
427 3670 463 3731 ab
491 3673 553 3734 istis
583 3676 685 3734 vestris
715 3662 851 3735 sordibus
873 3673 1013 3734 absumus
1035 3672 1212 3748 longissime.
1257 3671 1331 3731 'lum
1355 3671 1512 3732 liberalitas

228 3777 328 3831 nostra
357 3779 401 3832 est
429 3781 457 3834 et
484 3779 639 3852 pecuniam
669 3778 897 3843 contemnimus·;
932 3793 998 3835 nam
1028 3794 1078 3833 vus
1106 3774 1142 3833 ad
1169 3792 1232 3834 rem
1262 3776 1330 3833 estis
1353 3773 1510 3834 avidiores:

227 3871 312 3931 nobis
335 3880 478 3953 preterea
500 3879 593 3938 maior
615 3877 741 3938 infamiae
763 3886 872 3945 metus,
896 3876 994 3954 llagitii
1017 3878 1101 3954 luga,
1130 3875 1282 3937 dedecoris
1305 3875 1415 3953 ptuler;
1447 3894 1510 3934 nam

227 3991 277 4049 vos
306 3981 338 4033 ut
364 3974 596 4054 locupletemini,
634 3998 687 4057 per
716 3981 812 4040 omnia
840 3980 886 4039 itis
915 3978 1096 4058 plerumque.
1141 3986 1186 4038 est
1218 3978 1267 4038 bio
1300 3979 1385 4037 etiam
1418 3977 1546 4055 proban,

227 4072 333 4150 Lliidffll
391 4080 523 4157 qrraedanr
552 4081 730 4158 ingenuitas,
765 4100 830 4142 curu
860 4101 911 4141 ros
939 4081 976 4140 de
998 4079 1100 4140 lraude
1123 4087 1151 4139 et
1173 4079 1240 4138 dedu
1263 4080 1338 4139 inter
1360 4099 1411 4138 ros
1434 4082 1512 4157 ipsos

226 4177 311 4236 etiarn
341 4183 468 4257 suspecti
498 4200 615 4259 semper
643 4185 713 4242 sitis.
759 4191 988 4244 consentaneum
1018 4200 1085 4243 reru
1119 4182 1245 4241 maxime
1279 4190 1338 4251 est,
1377 4181 1512 4241 meliores

227 4295 291 4338 esse
315 4286 432 4341 naturas
454 4285 483 4343 in
506 4282 584 4343 hono
607 4301 717 4361 genere
740 4303 826 4365 cluam
855 4283 983 4364 ignobili.
1028 4285 1088 4360 Age
1116 4290 1229 4350 autern,
1260 4301 1317 4343 non
1346 4282 1510 4364 pulcherri-

296 4507 316 4541 ¹¹
335 4509 389 4560 inv.
405 4506 439 4573 e.]
458 4509 517 4558 Non
537 4508 615 4559 licuit
633 4509 719 4574 ipsius
737 4507 880 4557 Francisei
899 4521 959 4555 enm
977 4506 1229 4556 wormaciensibus
1248 4504 1350 4554 fnidmu
1369 4505 1513 4568 inerepare

229 4593 388 4643 mercatori.
440 4591 462 4625 ¹³
479 4593 624 4645 Bibncitua
644 4598 667 4644 1.
691 4595 734 4644 De
752 4592 912 4644 vinolentiae
932 4591 998 4641 vitio
1016 4591 1085 4641 satis
1103 4592 1176 4641 inter
1194 4607 1224 4641 ae
1243 4590 1454 4655 disputaverant.
1473 4589 1514 4637 lu-

230 4677 382 4741 spicientes
401 4680 441 4742 55.
457 4677 495 4728 ll.
509 4695 567 4746 sqq.
586 4679 627 4729 30.
642 4696 701 4746 sqq.
719 4680 761 4731 Ὶζ).
