3382 5370
484 374 622 410 nranoovs
641 375 731 409 arnna
750 375 775 408 r.
795 376 889 411 urrann
909 374 1083 409 umaerons..
1113 358 1200 422 (tara.)
1408 343 1480 415 335

258 548 369 590 urnam.
407 532 459 587 Per
489 531 635 588 naviculam
664 550 789 607 prorsum
822 550 852 589 ac
883 550 990 588 sursum
1024 533 1211 595 fluctuantem,
1248 533 1322 588 (licus
1354 532 1481 607 quiequirl

200 614 322 680 libuerit,
347 617 495 673 Lutberum
518 615 563 672 ille
585 617 725 691 superabit
748 625 866 674 strenue.

260 718 434 760 annuamus.
739 702 873 765 Clamore.
897 720 950 759 non
974 703 1135 761 eruditione.

259 804 367 849 avana.
406 785 534 843 actrttteis
559 788 733 860 argumentis.

261 888 435 929 uuauanrs.
739 871 900 947 sophisticis
925 873 1077 929 sarmentis.

262 974 373 1015 ΒΒΒΒΒ.
407 956 462 1012 Suo
482 956 675 1032 Cbrysopasso.

264 1057 438 1100 scansuro.
741 1042 822 1099 Libro
845 1042 958 1100 multum
979 1061 1080 1100 crasso.

259 1145 368 1186 at'nnn.
408 1127 517 1182 Materia
544 1127 694 1183 iuramenti.

260 1229 432 1270 aurursus.
734 1213 766 1269 Et
792 1212 836 1269 bie
857 1213 908 1268 luit
930 1214 1010 1270 animi
1035 1230 1088 1270 nou
1113 1214 1178 1270 satis
1200 1214 1305 1270 attenti.

259 1315 368 1357 ΒΒΒΒΑ.
407 1296 467 1352 Suis
491 1297 644 1353 itinerariis.

259 1398 432 1441 uununsvs
734 1382 783 1439 llbi
805 1384 893 1439 utitur
912 1385 1141 1441 commendaticiis
1163 1384 1300 1458 precariis.
1319 1376 1327 1463 11

259 1484 367 1526 avunn.
406 1466 553 1540 Tbcologia
576 1468 697 1542 mystica.

259 1568 431 1611 cabuanus.
734 1552 798 1621 Qua
821 1561 877 1610 tota
899 1562 941 1610 est
964 1553 1124 1629 Sopbistica.

258 1654 367 1695 arnna,
402 1637 583 1693 Aristotelicis
604 1638 812 1694 cuinmenmriis.

258 1737 432 1781 suasanus.
736 1722 832 1780 Tribus
855 1724 956 1787 verinis,
978 1724 1058 1780 lurtis
1081 1732 1206 1781 autorum
1227 1725 1314 1780 variis.

257 1825 364 1865 ΒνΒΒΑ.
402 1806 490 1862 Sacris
512 1805 608 1862 literis.

257 1908 432 1951 uunuanrs.
735 1893 839 1949 Paratis
861 1893 962 1951 liberis.

256 1994 365 2035 ornain.
402 1977 458 2032 lloe
480 1976 562 2033 nullis
585 1978 704 2033 numeris
724 1977 925 2051 Tbeologieum.

258 2078 432 2121 aurursus.
469 2062 591 2118 Orrrnium
610 2061 736 2118 calculis:
758 2080 846 2136 nuper
869 2063 938 2120 enim
961 2065 1071 2121 liliorum
1100 2065 1171 2138 apuil
1193 2064 1337 2138 Cyrenem,
1367 2065 1475 2122 scortil·

163 2147 248 2204 aolum
270 2148 410 2204 ilnorlerim
431 2146 543 2208 artium.
567 2147 751 2221 deprehensus
767 2149 851 2223 Cotyn
875 2166 905 2205 se
926 2149 1078 2205 celebrasse
1097 2148 1218 2212 dicebat,
1241 2167 1295 2223 qino
1310 2167 1407 2224 penem
1423 2151 1473 2207 sibi

192 2234 222 2289 aii
246 2232 419 2305 Tbeologiam
441 2231 506 2288 satis
529 2231 654 2288 isloneum
677 2232 792 2288 loelieins
815 2233 985 2306 provebcrct.

253 2335 362 2374 ornan.
397 2316 456 2372 Non
479 2334 642 2391 magnopere
663 2317 823 2391 eulpaurbnn
848 2318 907 2375 boe.

254 2418 429 2460 unnuauvs.
464 2401 496 2457 Et
519 2402 561 2457 bie
583 2403 795 2459 llbornancuscm
818 2404 920 2478 spiras,
957 2403 1055 2478 quibus
1085 2403 1135 2460 boe
1161 2421 1242 2459 unum
1271 2402 1334 2460 lieet
1370 2404 1474 2462 ‘bonos'

191 2488 257 2550 ilici.
281 2505 340 2544 eum
363 2488 418 2543 sint
439 2487 557 2560 nequitia
581 2487 638 2560 ipsa
659 2487 813 2561 nequiores.

160 2582 183 2622 ²³
251 2589 378 2631 ravenn.⁴
398 2571 456 2628 Non
479 2572 567 2626 analio.

253 2673 428 2715 unnnaxt's.
466 2655 614 2712 Vernaculo
637 2664 728 2713 restro
750 2675 838 2714 nrore:
862 2659 925 2734 quial
945 2659 1016 2716 enim
1039 2658 1148 2717 illerum
1163 2658 1395 2715 llbomanensibus
1418 2676 1471 2715 nrm

190 2743 402 2817 ingratissimum
426 2748 480 2802 est,
504 2740 712 2797 mellitissimum
735 2752 823 2799 mrtem
850 2745 986 2801 onmium?
1013 2746 1140 2801 viciorum
1168 2762 1279 2801 suorum
1307 2744 1470 2800 Camarinam

190 2845 242 2883 non
265 2828 381 2888 moveri,
406 2825 482 2882 ulcus
503 2843 611 2882 manue
634 2827 778 2891 intactum.
803 2830 890 2886 omnia
914 2830 989 2886 lieris
1012 2829 1125 2904 genibus
1153 2828 1268 2891 laualari,
1296 2828 1364 2885 bene
1388 2830 1471 2886 iuter·

189 2913 288 2986 pretori
312 2912 383 2987 quod
408 2920 461 2967 tam
482 2920 575 2984 aperte
597 2911 695 2967 iunium
719 2932 797 2987 apuam
821 2915 848 2970 in
869 2914 956 2972 Plauti
977 2916 1107 2973 commilia
1129 2915 1246 2972 ttnebus
1268 2923 1323 2978 cst;
1347 2914 1398 2971 boc
1418 2915 1469 2971 nisi

159 2997 300 3055 lolibomaa
323 2997 417 3058 iacies,
440 3013 518 3051 nemo
541 3012 596 3051 non
618 2996 712 3054 littore
731 2999 848 3055 surrlior.

253 3099 362 3139 arnon.
400 3081 456 3137 lloe
474 3098 528 3136 uon
551 3081 582 3136 ml
606 3091 713 3139 nostras
735 3084 857 3139 eliorrlas.
894 3085 956 3142 Vale
977 3103 1057 3159 erpo,
1080 3086 1246 3147 Lutbcranc,
1268 3093 1349 3158 atquc
1372 3085 1398 3140 in
1415 3103 1469 3141 nra·

190 3167 241 3224 lam
265 3176 368 3242 partem
388 3166 454 3222 vale
496 3165 596 3222 interea
617 3175 663 3222 tuo
685 3168 806 3223 Antistiti
825 3169 944 3225 Lutbcro
966 3168 1033 3226 benc
1056 3188 1175 3244 precare.
1213 3188 1264 3244 ego
1287 3170 1332 3225 elin
1351 3170 1403 3226 iam
1425 3171 1470 3226 ml·

189 3253 277 3326 parari
299 3251 448 3314 maebinas;
470 3268 524 3324 qim
546 3252 647 3308 vincam
670 3251 797 3314 celerius,
821 3253 935 3327 arlporto
957 3255 1130 3311 ilcrotionnm
1153 3255 1281 3311 tonitrua.

251 3354 425 3394 eununavs.
464 3336 517 3391 Oro
541 3336 624 3407 igitur
646 3337 756 3392 summis
778 3338 940 3399 aellrctibus,
964 3346 993 3393 ut
1009 3339 1051 3394 bie
1067 3339 1112 3412 qui
1135 3339 1233 3399 mittit.
1256 3338 1372 3395 celerius
1387 3358 1466 3413 quatu

156 3430 218 3479 taen
240 3422 336 3478 lernina
359 3422 468 3477 Creticus
491 3421 530 3475 rir
553 3421 668 3495 prodiit,
693 3420 851 3478 Salmoneus
873 3423 926 3478 bat.

317 3540 448 3614 Galba-ius
470 3539 574 3602 Trulla,
597 3540 666 3614 aprnl
688 3540 847 3597 liurlassiam
869 3542 1029 3615 cataduppa
1052 3541 1124 3613 regis
1149 3541 1340 3599 Stratiotarrnn

639 3625 821 3699 lletropolinr.
856 3625 1013 3683 Escrnlcbat.

736 3794 771 3801 --
786 3793 919 3801 ...ι-

190 3878 390 3888 ——nu—-o-

251 3946 262 3977 ⁴
280 3945 380 3995 Aehill.
400 3947 417 3993 i.
431 3961 453 3993 e.
467 3962 524 4010 puer
540 3946 663 4007 ruricium,
683 3947 748 3994 uinci
764 3951 895 4010 neqriennt.
931 3943 942 3976 ⁶
960 3943 1162 4011 Chrysopnssua
1180 3962 1266 3997 nomen
1284 3946 1342 3996 libri
1358 3946 1468 3997 Eelrinni

186 4034 228 4096 poi
237 4032 336 4095 prodiit
346 4032 412 4093 Any.
431 4031 443 4077 1
447 4031 505 4078 ind.
519 4045 554 4078 aar
565 4032 610 4094 off.
625 4030 761 4079 illitterann
773 4046 802 4078 m.
818 4030 950 4079 rb'onrrnbri
967 4046 991 4079 u.
1008 4029 1079 4079 lbll.
1095 4031 1122 4080 in
1136 4030 1182 4081 tol.
1224 4030 1235 4062 ⁷
1248 4031 1382 4082 Molestior
1395 4049 1467 4098 quom

185 4118 298 4165 crassior
319 4116 378 4164 aiibi
397 4114 583 4177 Cirpsopussna
605 4115 714 4172 uidetur,
740 4116 807 4179 qnod
828 4121 853 4164 el
871 4117 903 4164 de
926 4119 1019 4164 celeria
1037 4115 1158 4165 Echionia
1181 4115 1252 4166 libris
1274 4132 1333 4167 arax
1358 4123 1466 4167 nominu-

184 4200 217 4248 tio
235 4201 351 4248 aiacrior.
403 4195 425 4227 ²³
444 4198 550 4261 ‘Cotym
570 4198 676 4248 eleemon
695 4201 740 4264 qui
759 4199 830 4264 opuii
849 4199 1006 4250 Corinthios
1025 4200 1136 4260 colitur,
1159 4201 1239 4251 ioerloe
1257 4200 1381 4251 libidinis
1399 4219 1466 4267 prae-

186 4287 246 4333 ses!
265 4283 410 4333 Sannina.
473 4282 494 4314 ²²
513 4285 612 4333 omniu.
633 4284 770 4333 Viciorum
794 4286 855 4334 adit.
925 4284 1001 4334 (farn.
1020 4301 1129 4335 morere
1149 4286 1308 4350 proverbium
1326 4288 1357 4336 de
1376 4288 1407 4336 iia
1425 4289 1468 4353 qni

186 4373 250 4419 nitro
269 4371 304 4417 orl
320 4384 348 4418 se
365 4371 451 4417 inuiam
469 4375 607 4417 arcessunt.
675 4366 697 4398 ¹⁹
716 4367 847 4418 Comeilia
865 4371 925 4419 edil.
994 4369 1016 4401 ³⁰
1034 4370 1113 4420 Nonis
1131 4371 1256 4435 desntIpat
1273 4386 1310 4421 nae
1326 4371 1467 4436 proverbiis

187 4454 333 4501 Germanus.
403 4452 527 4501 surdior?
550 4455 610 4501 ertit.
680 4453 775 4502 Litore
800 4453 953 4519 loquacior,
980 4446 1082 4519 ὄαχίας
1106 4453 1275 4519 wispircon,
1298 4456 1465 4523 Diogeuiam

186 4527 375 4600 1’11.119.(ἔπ1
393 4536 449 4586 τῶν
467 4527 650 4602 ἀδολέσχων.)
707 4535 726 4568 ⁸¹
747 4536 845 4596 Κινεῖς
863 4531 968 4603 χορδὰς
987 4532 1036 4596 τὰς
1054 4528 1215 4605 α’κινὴτους.
1235 4541 1307 4590 Plut.
1327 4541 1361 4592 dc
1379 4541 1466 4591 audit.

186 4620 231 4671 VI.
245 4638 271 4687 p.
288 4620 342 4670 157.
358 4622 399 4671 cd.
413 4622 508 4671 Reisk.
577 4620 599 4653 ³³
617 4621 707 4671 elevet.
726 4623 741 4673 i.
755 4638 777 4671 e.
796 4624 998 4672 exsecrationum
1013 4630 1154 4688 papalium,
1180 4632 1205 4674 at
1223 4627 1397 4675 mortarriis
1415 4626 1467 4676 bn!-

185 4709 216 4756 b's
239 4708 411 4756 damnatorias.
480 4705 503 4737 ⁸⁵
527 4704 651 4772 Caerrens]
676 4707 811 4767 „Femina
834 4713 915 4757 natus
939 4713 999 4756 erat
1013 4743 1018 4756 .
1034 4744 1040 4757 .
1055 4715 1082 4773 ,Ι
