3382 5370
344 488 382 538 Hi
400 494 505 553 septem
529 488 632 555 dialogi
655 505 749 541 versus
773 489 852 541 finem
877 493 941 542 anui
965 493 1037 543 1520.
1056 495 1115 544 sivo
1140 500 1215 546 corto
1239 503 1303 548 auto
1326 514 1374 548 ver
1397 500 1461 548 anrri
1483 499 1559 550 1521.

278 580 495 640 conventumque
514 575 748 625 Wormacieusem
771 577 884 641 primum
908 576 1029 642 prodisse
1053 580 1188 630 videntur.
1226 583 1362 643 Quiantnm
1387 585 1420 633 ad
1439 586 1560 634 Hntteni

277 662 383 726 scripta
402 666 430 711 et
448 660 612 726 explicanda
631 665 659 710 ct
678 661 863 711 confirmanda
883 663 1003 725 iaciant,
1030 665 1063 713 iis
1090 666 1136 728 qui
1153 666 1246 732 legare
1264 669 1313 717 sed
1332 675 1359 718 et
1377 668 1451 718 locta
1475 670 1559 719 intel·

277 747 369 813 legere
388 746 555 810 didicerunt,
575 762 629 796 uon
646 749 735 813 magis
752 763 819 812 opus
839 753 881 798 est
899 748 991 798 multis
1009 750 1101 799 verbis
1120 766 1254 816 exponere
1274 767 1353 817 quam
1372 754 1412 814 id,
1433 755 1502 819 qnod
1517 761 1559 804 tc-

277 833 396 883 meraria
415 833 529 898 primum
553 833 713 883 coniectura
735 833 905 895 iactitatnm,
930 834 1040 893 deinde,
1064 840 1095 884 nt
1118 835 1159 896 fit,
1191 851 1208 884 a
1225 837 1317 886 mrrltis
1340 840 1419 902 quasi
1443 855 1561 889 cansam

277 919 484 984 cognovissent,
506 922 533 968 et
547 933 563 967 a
575 917 753 967 Bnrclrhardo
767 933 872 984 quoque
891 921 1035 985 repetitum
1055 926 1115 985 cst,
1134 921 1285 971 Hnttenum
1303 927 1370 988 puta
1388 923 1481 972 horum
1500 924 1560 973 dia-

277 1004 398 1070 logorum
418 1010 558 1054 auctorem
571 1003 669 1064 inisse,
690 1003 838 1069 diligenter
850 1006 981 1056 refutare.
1012 1005 1116 1068 Quibus
1129 1005 1281 1056 rationibus
1295 1007 1419 1071 equidem
1431 1013 1461 1056 ut
1474 1007 1560 1058 Croto

277 1089 404 1140 llubiano
423 1089 531 1140 eosdem
550 1088 746 1151 adscriberent,
768 1089 794 1138 id
809 1090 878 1155 qnod
892 1090 941 1139 alii
954 1106 1059 1155 quoque
1074 1097 1101 1141 et
1115 1107 1200 1156 anper
1214 1093 1296 1141 ctiam
1310 1094 1464 1141 ts'transaius
1483 1093 1561 1143 feee-

278 1181 353 1238 runt,
373 1181 460 1225 motus
479 1190 579 1235 essem,
600 1190 640 1224 oze
659 1190 712 1224 nou
731 1190 824 1225 omnes
842 1175 870 1225 iu
890 1176 1068 1226 adnotatione
1086 1177 1133 1238 (cf.
1149 1177 1281 1242 imprimis
1294 1176 1448 1227 Conciliab.
1461 1178 1560 1228 Theol.

277 1260 368 1324 ΜΟ.)
387 1261 475 1310 locum
493 1260 609 1321 habeut3
629 1259 745 1324 ideoque
764 1275 817 1309 nou
836 1259 917 1310 nullro
936 1261 981 1310 hic
999 1261 1170 1326 proferenda¹
1197 1262 1338 1324 videntur,
1364 1276 1423 1311 eum
1442 1278 1560 1327 praeaer·

277 1348 325 1396 tim
344 1362 398 1396 uon
416 1345 492 1396 nulla
516 1360 576 1410 qna·
598 1344 652 1396 vol.
666 1345 688 1394 1.
705 1361 731 1410 p.
745 1345 803 1394 44⁶2.
822 1345 965 1408 adnotavi,
996 1347 1166 1397 emendanda
1190 1364 1250 1396 esso
1273 1348 1427 1398 videantur.
1462 1352 1562 1398 auctor

277 1430 419 1496 theologus
439 1431 546 1496 quidem
565 1432 629 1489 fuit,
648 1430 696 1481 sed
715 1431 782 1479 iuris
802 1431 928 1480 canonici
947 1447 1001 1480 non
1020 1432 1166 1496 inperitus,
1191 1433 1293 1481 Latine
1317 1432 1468 1498 Grreceqne
1486 1433 1560 1482 boue

277 1517 384 1577 doctus,
405 1517 450 1582 qui
468 1516 600 1566 Bononiae
620 1517 765 1581 Romaeque
783 1516 885 1566 diutina
904 1521 1023 1567 moratus
1042 1518 1145 1579 inerat,
1170 1517 1285 1566 Lnthcri
1305 1519 1409 1580 suntor,
1433 1518 1561 1567 llutteno

278 1603 417 1652 interioris
437 1602 610 1652 admissionis
628 1601 744 1663 amiens,
775 1616 878 1650 morum
901 1602 1116 1667 scriptorumque
1141 1603 1242 1667 equitis
1260 1602 1378 1667 diligens
1396 1603 1562 1661 aestimator,

277 1689 336 1752 ipse
357 1689 384 1737 in
401 1687 558 1738 decidendis
576 1686 723 1752 aequalium
743 1687 880 1736 erroribus
898 1687 1028 1752 vitiisque
1046 1687 1164 1752 scriptor
1182 1685 1248 1737 salis
1267 1688 1485 1753 facetiarnmque
1500 1689 1561 1752 qni·

276 1773 326 1823 bus
339 1771 389 1822 illa
401 1779 524 1838 tempore
537 1773 654 1823 maxime
667 1772 833 1837 gauderent,
854 1771 888 1821 ad
902 1772 1080 1822 dicacitatem
1093 1787 1178 1837 usquo
1192 1788 1310 1837 sparsor,
1325 1789 1433 1838 procax,
1449 1789 1504 1822 uon
1520 1774 1561 1822 in-

276 1858 390 1924 probus:
409 1858 561 1908 aniaunm
581 1858 685 1907 imitari
703 1856 782 1906 nnrlti
799 1862 855 1907 tnm
874 1856 1054 1908 conabantur.
1089 1857 1158 1907 Vide
1183 1873 1264 1922 qnam
1287 1858 1356 1908 bene
1381 1858 1440 1907 lraec
1465 1859 1561 1908 omnia

276 1944 304 1992 iu
329 1943 439 1992 Crotum
463 1942 576 2001 cudant,
609 1942 685 1992 euius
708 1941 846 1992 scribendi
872 1941 1066 2007 cogitandique
1090 1943 1282 1992 consuetudini
1308 1943 1337 1993 hi
1360 1942 1466 2008 dialogi
1489 1945 1561 1993 mire

276 2029 385 2078 omuino
404 2030 577 2079 conveniunt.
613 2029 743 2077 Fortasse
763 2029 821 2092 ipso
840 2026 944 2077 Coralli
962 2029 1068 2077 nomine
1087 2029 1173 2078 utitur
1190 2029 1330 2078 llubianns
1348 2044 1400 2078 non
1424 2045 1441 2077 a
1461 2029 1561 2092 Mysiae

276 2114 380 2180 pellitis
399 2113 529 2173 Corallis,
554 2112 665 2163 incultis
683 2112 823 2174 barbaris,
850 2112 1003 2177 desumpto,
1027 2112 1074 2162 sed
1093 2121 1122 2162 at
1145 2129 1242 2163 nomon
1265 2129 1356 2175 sirum,
1380 2114 1497 2178 quasia
1517 2129 1561 2163 rn-

275 2199 364 2250 bcudo
383 2200 446 2262 (nou
460 2215 476 2249 a
489 2197 568 2263 rubo)
587 2199 646 2264 ipse
659 2199 868 2265 adsumpsisset,
889 2198 1040 2248 coniuratis
1053 2198 1218 2247 subobscuro
1232 2199 1379 2248 indicaret:
1400 2206 1476 2247 certe
1493 2199 1562 2248 hinc

276 2285 339 2334 iude
357 2283 527 2349 κοοαλλίζει,
548 2284 565 2337 i.
581 2301 603 2334 o.
617 2284 746 2334 rubentes
765 2284 856 2348 prodit
874 2285 953 2349 (quasi
971 2283 1107 2332 scintillas
1126 2290 1231 2345 auctor,
1257 2291 1288 2333 ut
1305 2283 1449 2333 Mosellam
1474 2284 1563 2334 rubra

277 2370 392 2421 corallia
409 2370 512 2420 aridate
531 2370 666 2419 Ausonius
685 2370 722 2431 (v.
735 2367 788 2431 uu)
807 2369 903 2434 pinxit.
938 2368 1062 2432 Abydeni
1082 2369 1259 2433 sycophantae
1279 2368 1347 2419 alios
1371 2386 1419 2435 pcr
1442 2386 1492 2419 ora
1513 2370 1562 2420 ho·

276 2457 375 2506 minum
388 2455 558 2505 traducentis
571 2453 723 2519 adpellatio
738 2461 791 2504 ost:
810 2447 961 2520 Ἀβυδηνὸν
974 2445 1153 2518 ἐπιφόρημα,
1166 2454 1303 2504 Zenobiae
1317 2455 1337 2503 l.
1348 2454 1368 2504 l.
1377 2456 1425 2514 ait,
1441 2451 1562 2519 εἴρηται

276 2534 307 2590 di
326 2532 343 2607 ἡ
363 2539 502 2605 παροιμία
521 2537 569 2590 καὶ
588 2529 646 2589 α’ττό
664 2538 715 2589 τοῦ
733 2530 781 2590 ὑπ’
793 2531 887 2589 αὐτῶν
905 2538 1148 2601 συκοφαντεῖσθαι
1167 2531 1233 2596 τοὺς
1253 2533 1362 2600 ξένους.
1387 2548 1415 2588 et
1427 2541 1562 2590 llustatlr.
1591 2602 1593 2607 Ι

276 2626 310 2675 ad
323 2625 353 2674 ll.
368 2626 402 2675 ll.
416 2624 474 2675 830.
499 2619 592 2675 ἰστέον
611 2619 642 2674 dl
659 2618 709 2674 aul
728 2612 770 2673 ὅτι
788 2617 819 2674 τὸ
836 2615 960 2688 ”Adedou
978 2613 1095 2686 ὕστερον
1113 2613 1159 2672 inl
1178 2620 1360 2688 συκοφάντου
1379 2615 1467 2689 ἐτέθη
1488 2641 1563 2688 παρ·

275 2709 410 2775 οιμιακώς
429 2702 477 2760 διὰ
491 2704 522 2760 τὸ
541 2707 639 2760 δοκεῖν
651 2703 834 2772 συκοφάντας
846 2700 1021 2773 Ἀβυδηνούς
1074 2707 1186 2758 τίθεται
1201 2702 1246 2767 dl,
1266 2707 1369 2773 φασίν,
1388 2699 1405 2775 ἡ
1419 2702 1497 2772 λέξις
1511 2707 1564 2760 καὶ

275 2787 322 2847 int
339 2793 390 2846 τοῦ
408 2788 482 2845 εἶναι
502 2787 568 2852 τούς
586 2789 698 2844 είκαίου
715 2793 765 2844 καί
779 2783 897 2851 ου’δὲνος
913 2783 1005 2854 α’ξιόυ.

341 2880 474 2946 Exempla
491 2879 586 2929 borum
604 2885 709 2945 septem
727 2877 895 2943 dialogorum
915 2878 973 2927 noo
992 2883 1067 2926 snut:

276 2965 300 3025 l)
319 2962 624 3030 lllilLOGllseptern,
650 2961 748 3014 festiue
768 2961 906 3026 candidi!
933 2963 1046 3011 llomus.
1068 2960 1072 3026 Ι
1093 2962 1217 3012 Carolus.
1239 2970 1243 3028 Ι
1263 2964 1394 3026 Pietatis,
1414 2963 1437 3014 ds
1456 2966 1561 3031 Super-

275 3050 393 3102 fritionis
417 3066 518 3116 pugna.
540 3049 544 3115 Ι
565 3048 783 3100 Conciliabulum
801 3044 1052 3112 'l'lreologistarum,
1082 3045 1210 3097 aduersus
1231 3049 1234 3107 Ι
1255 3050 1384 3098 bonarum
1412 3049 1562 3100 literarum

275 3134 414 3187 studiosos.
431 3135 436 3201 Ι
451 3135 691 3202 apophthegmata
708 3131 835 3193 Vadilci,
856 3133 879 3181 ἃ
898 3130 1045 3197 l‘alqnilli‚
1066 3132 1099 3181 de
1116 3129 1119 3195 l
1135 3132 1287 3197 depranato
1306 3131 1438 3184 Ecclesia·
1464 3132 1561 3201 statu!

273 3224 412 3273 Huttouus
430 3223 566 3287 captiuus.
582 3217 588 3286 Ι
603 3222 741 3271 Hntteans
760 3216 882 3268 illustris.
902 3218 906 3283 Ι
938 3217 1058 3268 authore
1078 3219 1104 3267 S.
1124 3216 1262 3280 Abydeno,
1280 3216 1283 3281 Ι
1300 3218 1416 3276 Corallq
1434 3219 1437 3282 Ι
1454 3220 1561 3285 Gonni

275 3306 344 3371 “,·1
369 3309 387 3368 †
412 3306 474 3372 [lte
496 3309 525 3357 iu
549 3303 702 3356 uniuersum
721 3303 824 3354 orbern.
849 3302 853 3367 Ι
874 3303 892 3365 †
912 3299 924 3368 ΙῙ
939 3306 1028 3352 atet
1047 3319 1070 3352 u.
1095 3302 1130 3350 8⁰.
1150 3303 1182 3352 54
1199 3303 1272 3363 folia.
1310 3304 1342 3352 In
1358 3320 1418 3368 pap.
1438 3308 1482 3354 κΙι.
1503 3314 1561 3355 eat:

272 3394 381 3443 LAETA
396 3406 401 3450 ι
415 3392 604 3442 LlussuTas.
624 3390 677 3452 (Ol.
692 3391 807 3439 l‘anacri
821 3388 877 3438 l'lr.
891 3405 916 3438 v.
930 3389 1045 3438 llnttoa.
1067 3386 1139 3437 1708.
1159 3390 1195 3437 8⁰.
1216 3404 1240 3453 p.
1258 3386 1406 3451 rub...·20‘2.)

273 3478 300 3541 2)
321 3475 519 3543 l‘alqnillornm
539 3477 604 3525 tomi
623 3475 683 3524 dno.
704 3472 1171 3540 (calon.bibliogr.1{utt.11.55.)
1190 3490 1215 3537 p.
1233 3471 1368 3521 llll...llll.

272 3563 300 3626 3)
320 3563 443 3612 Miinchii
461 3561 576 3627 exempl.
590 3562 658 3625 Epp.
673 3560 747 3610 obse.
761 3561 825 3609 virr.
845 3559 894 3622 (es.
908 3559 967 3608 lud.
982 3558 1049 3608 bibl.
1060 3559 1138 3607 llntt.
1153 3575 1179 3607 n.
1194 3558 1246 3620 ut.)
1266 3574 1291 3622 p.
1306 3556 1444 3606 354...407.

341 3647 560 3697 Conciliabnlrnn
580 3645 817 3711 theologistarum,
837 3644 975 3694 llnttonns
989 3644 1115 3709 captivus
1135 3651 1162 3692 et
1175 3644 1312 3692 llnttenns
1327 3641 1441 3690 illustris
1460 3640 1560 3707 legun·

272 3739 316 3782 tur
335 3733 418 3783 etiam
437 3734 464 3781 in
482 3730 526 3780 llis
544 3730 728 3795 Epistolarum
747 3730 921 3779 obscurorum
941 3732 1057 3779 virorum
1077 3727 1221 3793 exemplis:

340 3817 368 3879 ο)
388 3833 412 3866 a.
428 3816 500 3866 1557.
518 3814 778 3879 importunarum
796 3815 828 3864 de
848 3815 993 3880 generibus
1012 3814 1192 3863 ebriosorum:
1213 3812 1261 3861 sed
1280 3812 1429 3877 separatim
1447 3812 1561 3864 dnobus

272 3902 392 3969 plagulis
411 3902 492 3962 (AB,
512 3900 543 3948 ‘22
563 3899 648 3964 soliis)
677 3916 698 3949 s.
713 3898 803 3950 liza.
825 3900 993 3949 iudicatione
1018 3899 1085 3949 editi
1110 3903 1185 3959 sunt,
1215 3898 1286 3947 unde
1312 3896 1397 3946 multa
1421 3896 1560 3963 Exempla

272 3989 341 4053 upp.
356 3988 388 4037 0.
403 3987 434 4036 V.
454 3985 502 4035 illo
521 4001 592 4035 anuo
611 4001 740 4049 expressa
759 3985 865 4035 eosdem
885 3983 1009 4049 dialogos
1027 4000 1079 4033 uon
1098 3983 1209 4033 habeut.

339 4073 364 4134 b)
383 4070 558 4122 Francorum
579 4068 649 4119 1043.
672 4070 720 4118 12⁰.
740 4088 766 4136 p.
780 4068 929 4123 372...404..
952 4070 999 4118 nbi
1023 4068 1094 4118 falso
1113 4068 1237 4118 clausula
1261 4067 1355 4117 addita
1379 4073 1420 4116 est
1439 4082 1500 4131 qum
1521 4071 1560 4119 nd

272 4159 341 4224 Epp.
360 4158 392 4207 Ο.
407 4158 437 4205 l'.
458 4155 589 4220 pertinet:
610 4156 704 4204 ‘Borrae
716 4154 848 4218 Stompoto
861 4172 908 4205 coa
917 4157 1050 4220 prinilepio
1068 4156 1110 4204 del
1121 4155 1207 4218 Papo,
1226 4149 1427 4217 &lcoafirmote
1445 4155 1470 4200 ia
1488 4157 1559 4219 1:190,

272 4246 315 4309 qni
331 4247 400 4306 υιιΙηο
418 4243 521 4299 dicitnr,
541 4240 591 4289 Bel
607 4241 706 4289 sedere.
723 4240 727 4302 Ι
744 4243 838 4288 urina*
853 4235 859 4306 1
874 4239 1013 4304 (Sequitur
1026 4238 1136 4288 libellus
1157 4238 1189 4287 de
1202 4238 1350 4302 gonoribus
1364 4237 1559 4302 ebriosorum.)

340 4326 364 4389 e)
383 4324 560 4375 Frarrcoturti
576 4324 645 4373 1757.
659 4322 695 4372 8⁰.
710 4342 735 4390 p.
750 4322 889 4374 ruo...300.
904 4324 1033 4390 (Sequitur
1045 4325 1101 4373 ilem
1111 4324 1181 4387 solae
1192 4325 1242 4372 iata
1254 4323 1384 4377 clausula.l

340 4411 431 4461 nolum
450 4409 669 4461 conciliabulum
689 4409 913 4473 tlrcologistnrnm
937 4414 978 4457 est
1001 4409 1028 4457 in
1053 4407 1175 4472 exemplo
1193 4409 1262 4473 Bpp.
1282 4409 1314 4456 O.
1328 4408 1360 4456 V.
1379 4407 1448 4471 qnod
1468 4408 1558 4459 Frau-

272 4497 371 4547 cosurti
391 4512 415 4545 a.
431 4495 504 4545 1624.
519 4496 547 4544 iu
558 4492 594 4543 8⁰.
608 4493 710 4560 prodiit
727 4511 752 4560 p.
766 4491 903 4544 351...381.
924 4492 1000 4555 (rende
1015 4494 1107 4557 srrlsrnn
1126 4496 1198 4543 istam
1220 4496 1352 4543 clausulam
1376 4496 1494 4556 ιάιοιρΙο
1514 4496 1560 4543 illa

272 4600 288 4633 α
306 4590 329 4632 et
348 4583 362 4632 b
381 4578 593 4646 remanserunt.)
1451 4578 1492 4626 Ex
1512 4579 1558 4628 his
