3382 5370
407 385 521 419 uranour
543 385 649 418 surreie
668 384 784 418 resrivr.
803 383 928 418 (saunier.
966 365 1009 431 [b]
1030 380 1163 416 canotus.
1354 350 1426 421 563

206 541 352 616 Sibylla.
386 541 450 609 bois
474 561 514 597 ιιιι1
538 541 673 616 adpellas'!

205 626 361 683 Carolus.
399 626 511 682 Carolus
534 627 721 701 Hispaniarum
746 645 800 683 res.

207 711 350 786 Sibylla.
387 712 532 785 Contingat
555 713 603 768 tibi
627 714 698 786 quod
722 722 813 787 eptas.
838 710 992 767 nuntalinm
1016 711 1133 766 emnium
1157 710 1320 767 felicissime.

206 798 273 852 tien
284 799 316 852 iu
324 816 345 850 s.
383 797 507 869 Purgatis
524 797 648 858 auribus.
671 797 782 853 lbirule!
806 814 866 852 ιιιιιιι
883 796 998 851 oliseure
1013 805 1040 851 et
1057 795 1224 851 tenebricoso
1241 794 1424 869 proloquitur.

123 898 135 933 a
208 881 362 937 tlarolus.
401 881 459 936 Tibi
480 881 514 937 de
537 900 593 938 inea
618 882 725 937 iortuua
748 881 812 955 quid
836 881 957 936 ridetur?
981 881 1043 953 quis
1067 880 1174 937 iuturus
1190 898 1280 936 rerum
1296 882 1495 936 erentuslbtt.

144 987 196 1043 qna
219 968 319 1023 iaiietum
341 967 524 1040 previdentia,
549 975 577 1022 ut
601 976 643 1021 tot
665 966 744 1022 iinliis
767 984 849 1038 regua
872 965 1082 1038 contingerent?

206 1050 349 1126 Sibylla.
386 1052 493 1125 Optimo
517 1069 631 1126 prorsus
654 1053 758 1113 emine:
781 1051 828 1106 sed
850 1059 878 1105 et
900 1051 1001 1106 uaniora
1025 1058 1050 1105 te
1073 1060 1189 1106 manent.

205 1135 360 1193 Carolus.
398 1136 450 1192 llac
465 1153 512 1210 spe
537 1145 611 1192 totus
636 1137 693 1211 ipse
715 1136 835 1210 suspirat
858 1145 990 1192 terrarum
1014 1134 1097 1191 erbis.
1141 1135 1188 1191 sed
1211 1134 1290 1207 quade
1313 1144 1354 1191 est
1377 1134 1428 1192 bec

145 1223 231 1279 turbae
256 1221 401 1277 indicium?

112 1321 135 1359 ro
210 1304 350 1380 Sibylla.
386 1305 500 1362 llultnm
523 1306 630 1363 saeculis
653 1306 844 1380 praesagitum.
873 1306 995 1361 Intanum
1024 1304 1087 1360 olim
1116 1305 1162 1379 qui
1185 1305 1363 1363 bumanorum
1388 1324 1429 1361 re·

143 1410 225 1464 gratim
254 1392 395 1447 ruinosum
423 1409 452 1447 ac
474 1409 560 1466 prope
583 1392 690 1447 merium
712 1390 862 1465 collapsam
887 1391 1062 1453 instaurarem
1085 1390 1130 1464 qui
1152 1390 1331 1451 llabnmetas.
1359 1396 1428 1465 Aga·

144 1494 224 1533 reatos
247 1486 275 1532 et
297 1494 402 1532 iiriinem
425 1476 501 1532 illum
524 1475 671 1533 infidelium
693 1485 792 1533 emtum
819 1494 834 1533 e
862 1477 963 1533 sanctis
990 1474 1166 1550 propulsaret
1196 1475 1314 1532 sedibus.
1359 1475 1497 1550 putot-¹¹·

143 1571 233 1618 antem
256 1560 346 1635 elapsa
370 1561 421 1616 iarn
438 1561 552 1616 bauielis
576 1571 711 1636 tempora.
737 1571 841 1637 tempus
864 1570 892 1617 et
913 1560 1052 1617 dirnidinm
1077 1561 1215 1635 temporis,
1240 1568 1319 1636 teque
1335 1579 1429 1636 perse·

144 1647 216 1702 nisse
232 1646 365 1719 usquead
381 1647 438 1702 dics
456 1645 517 1701 illos
540 1646 612 1703 mille
636 1657 773 1704 trecentas
797 1646 906 1720 triginta
931 1647 1065 1720 quinque.
1090 1654 1121 1701 ut
1141 1655 1345 1703 consummetur
1367 1665 1429 1721 pec·

114 1741 234 1787 iaeatum
257 1739 284 1787 et
306 1729 428 1786 deleatur
450 1731 580 1805 iniquitas
602 1740 630 1789 et
651 1731 801 1789 adducatur
823 1732 926 1788 iustitia
949 1731 1112 1805 sempiterna
1135 1738 1162 1786 et
1191 1731 1335 1805 impleatur
1362 1733 1429 1788 visio

146 1826 173 1872 et
196 1816 339 1890 prephetia
360 1825 388 1871 ct
409 1815 579 1888 glorificetur
600 1826 875 1873 sanctussancternm.
898 1817 952 1873 lata
975 1817 1056 1873 etiam
1079 1815 1171 1872 nescio
1194 1816 1256 1889 qnid
1274 1816 1426 1873 buinsmcdi

145 1901 192 1956 tibi
216 1900 388 1974 pollicentur.
433 1901 510 1957 inulti
538 1902 642 1975 regium
671 1902 774 1976 indepti
803 1902 943 1975 fastigium
973 1900 1106 1974 insignem
1136 1900 1197 1956 indo
1224 1900 1339 1973 gloriam
1367 1901 1497 1957 soriti-¹²·

143 1986 321 2060 consequuti:
346 2003 377 2041 ex
392 1986 535 2042 Persarum
559 1987 666 2060 quidem
689 1996 771 2060 gente
793 1986 892 2060 Cyrus.
915 1995 943 2042 et
964 1986 1059 2042 ilarius
1081 1984 1228 2059 llysdaspis
1251 1985 1330 2041 blius.
1375 2004 1430 2042 me·

146 2080 269 2127 irroratur
290 2080 318 2126 et
334 2071 433 2126 Xerxes
456 2078 553 2145 potens
575 2071 656 2133 adeo.
680 2081 708 2127 ut
732 2072 849 2128 bominis
871 2071 961 2145 specie
983 2071 1140 2126 crederetur
1161 2070 1264 2144 Iupiter
1286 2070 1429 2127 bumannm

112 2174 138 2211 eo
147 2157 260 2211 exivisse
282 2156 314 2211 ad
335 2157 504 2212 excitandum
528 2174 542 2213 e
565 2156 674 2213 sedibus
689 2157 747 2212 suis
763 2156 900 2212 Graeciam.
936 2155 1032 2211 deirnlc
1049 2158 1208 2211 Artaxerxes
1231 2154 1270 2210 illi
1286 2157 1353 2217 dttd,
1378 2155 1431 2213 lla·

143 2241 260 2302 cluniae.
289 2241 315 2296 id
344 2251 385 2296 est
408 2241 605 2314 lieiiqimatrus,
635 2241 704 2298 alter
726 2241 841 2297 llcnier:
869 2241 1036 2313 longimano
1058 2238 1163 2295 laudem
1186 2241 1293 2313 peperit
1315 2241 1429 2315 insignis

143 2325 268 2400 eorporis
290 2325 454 2399 amplitudo.
478 2325 557 2382 alteri
579 2327 712 2383 tertinulo
736 2336 762 2383 et
786 2325 940 2381 liberalitas.
985 2324 1163 2381 Alexandrum
1186 2325 1498 2382 emiuentissimunri·¹³·

145 2420 277 2466 terrarum
301 2427 392 2482 regem
417 2411 532 2484 iusignia
555 2411 769 2467 debonestarunt
792 2412 857 2467 vicia
881 2411 989 2484 riuique
1011 2410 1122 2466 ariditas
1153 2410 1179 2465 in
1209 2410 1312 2484 primis.
1356 2428 1431 2467 acce-

146 2497 212 2551 dnut
235 2503 262 2550 et
285 2493 358 2557 Iulii,
388 2495 504 2556 Tiberii.
533 2495 636 2556 naudi.
666 2495 784 2552 Foderici
808 2504 835 2551 ct
858 2495 1025 2551 Corutantiui
1053 2493 1222 2569 complures:
1251 2513 1342 2552 rernm
1372 2495 1431 2551 nnl-

111 2580 188 2635 utus
211 2598 328 2653 unquam
351 2581 441 2636 estitit
462 2583 505 2637 cui
528 2590 555 2637 et
577 2581 680 2655 largius
702 2590 730 2637 et
752 2580 857 2636 lelicius
880 2581 1003 2636 arriserit
1032 2580 1155 2640 [οιιιιιιιι.
1183 2580 1225 2635 cni
1249 2598 1310 2636 rum
1333 2580 1431 2655 opibus

145 2666 268 2739 petentia
292 2666 372 2721 terris
395 2674 422 2721 et
446 2673 501 2722 teta
524 2665 570 2722 illa
593 2683 689 2740 pompa
714 2665 798 2739 regali
821 2665 964 2739 atrgustins
986 2664 1087 2739 aliquid
1110 2665 1259 2737 roratiperit
1274 2683 1354 2738 qnam
1370 2665 1427 2720 tibi.

345 2750 434 2806 Calcat
457 2752 585 2808 iacentem
609 2769 699 2824 regern
724 2750 832 2824 rarlgns.

345 2835 459 2893 inrisum
483 2836 611 2912 opprimit

345 2920 375 2975 b'i
400 2938 429 2976 se
452 2930 562 2979 tucatur
584 2923 667 2978 lerro.

111 3005 176 3061 bttEl

346 3091 379 3147 t'i
401 3091 454 3147 alta
478 3101 571 3148 ventos
594 3109 701 3166 semper
723 3093 859 3166 excipiunt
883 3092 946 3164 iuga

348 3177 505 3250 llnpemqnc
528 3178 600 3233 saris
623 3186 696 3233 vasta
717 3177 848 3233 dirinnmt
875 3177 958 3236 troia.

146 3261 256 3334 iniperia
280 3261 318 3316 sic
342 3261 445 3317 excelsa
469 3263 584 3317 tertioue
607 3261 746 3318 subiacent
769 3260 915 3321 interdum.
949 3268 978 3316 ut
1011 3260 1081 3316 inter
1102 3260 1229 3315 rnaaiiuas
1253 3277 1319 3334 opes
1341 3268 1368 3313 et
1392 3261 1501 3314 iri-§.¹¹-

146 3363 272 3401 aritineros
295 3346 387 3418 stipati
412 3346 511 3402 milites
535 3347 653 3402 omnium
676 3346 785 3402 minime
803 3346 853 3400 tuti
869 3353 969 3400 esseut.
1015 3345 1073 3399 Tibi
1090 3363 1150 3400 enm
1167 3344 1292 3400 ouiiribus
1309 3343 1362 3399 illis
1379 3353 1432 3399 ter·

112 3440 136 3478 251
149 3431 221 3484 renis
243 3430 344 3484 divitiis
366 3433 447 3487 etiam
469 3430 557 3505 vulgi.
581 3431 636 3487 ime
659 3431 744 3486 tutius
767 3429 881 3504 Europa·
904 3429 1042 3504 applaudit
1066 3430 1155 3488 lavor.
1184 3431 1320 3503 praecipue
1343 3438 1431 3484 antem

147 3516 357 3576 Germanorum.
387 3517 506 3573 onmium
529 3517 668 3571 nationum
691 3515 731 3570 rel
755 3515 875 3587 gentium
899 3515 976 3588 primi
1000 3514 1116 3568 ninmuis
1139 3513 1237 3587 plebs:
1268 3522 1297 3569 nt
1320 3513 1358 3567 ιϊΙ
1381 3514 1432 3567 bue

146 3598 235 3655 solnm
259 3598 430 3658 beatissimus
452 3601 508 3659 sis.
538 3601 609 3674 quud
632 3601 656 3655 ci
679 3600 753 3673 genti
776 3600 877 3655 ascitus
901 3600 947 3654 sis.
992 3599 1044 3654 l'ro
1068 3599 1106 3653 rei
1130 3599 1215 3671 igitur
1237 3598 1431 3669 iringuitudine,

146 3700 251 3759 proque
273 3685 347 3739 suari
372 3683 417 3741 illa
440 3687 524 3742 sartis
547 3686 638 3741 aillatn
663 3686 747 3740 rirnru
771 3683 904 3739 exbibete.

347 3770 386 3825 Tu
410 3770 458 3825 tibi
482 3788 523 3826 me
546 3770 641 3825 ielinm
663 3769 756 3825 credas
779 3769 893 3823 recitare
909 3767 1026 3842 Silu'lbe.

116 3868 137 3904 ur
433 3853 548 3910 Verbum
571 3871 624 3909 non
648 3852 763 3929 atriplins
786 3853 887 3909 addant.

209 3938 350 3992 Genius.
389 3938 462 3994 Ultra
486 3939 725 4013 premediiunlmu.

208 4022 364 4077 llarulus.
401 4024 539 4080 Latratnni
561 4041 656 4080 cauum
679 4023 773 4086 andiu,
797 4022 931 4085 eiulatus.
955 4020 1164 4095 tumultumque.

147 4139 346 4148 ——-.

214 4205 264 4236 ¹¹⁴²
287 4202 440 4271 Agureues]
467 4204 672 4255 beinbdelcs.
705 4204 1056 4255 cr.Psotm.1.xxxl1.7.
1144 4201 1164 4236 ¹¹
1187 4203 1299 4254 Daniel.
1312 4203 1373 4252 VII.
1388 4204 1428 4253 ¹25.

145 4290 167 4321 ²⁰
186 4291 267 4339 terris
283 4291 339 4353 feci
355 4306 390 4339 ea·
409 4290 490 4339 cieris
508 4290 567 4341 edd.
620 4287 642 4321 ²²
660 4289 750 4340 Senec-
764 4290 875 4340 Octaatu’
892 4307 914 4339 a.
928 4290 986 4339 455.
1000 4306 1039 4356 aq.

348 4373 447 4424 Calcat
466 4376 603 4424 iacentem
621 4373 728 4437 rialgus.
748 4375 865 4425 invisum
885 4375 1028 4440 opprimet.

348 4460 459 4508 Ferrum
479 4462 571 4507 tuetur
589 4460 750 4524 priucipem.

146 4544 165 4576 ³¹
186 4545 223 4593 l't
237 4545 295 4594 nlla
314 4540 353 4609 tn]
374 4544 471 4592 Seuee.
485 4542 583 4607 Oedip.
598 4559 622 4593 v.
636 4544 661 4592 il.
675 4558 715 4607 sq.
752 4541 774 4575 ³¹
792 4540 931 4606 dirimunt]
951 4542 1124 4592 dirimentem
1143 4540 1232 4591 iieoer.
1273 4539 1296 4572 ³⁹
1314 4541 1356 4591 Tu
1369 4539 1431 4607 ribi]

148 4631 233 4680 luten.
246 4637 296 4679 aiat.
311 4630 385 4678 VIII.
403 4626 457 4676 ree.
479 4627 599 4678 ‘Credite
618 4644 661 4677 me
679 4627 758 4678 vobis
777 4626 872 4678 fotium
890 4641 945 4676 rec.
960 4626 1090 4690 sibyllos:
1154 4625 1176 4659 ⁴⁰
1194 4625 1270 4676 verb.
1283 4641 1336 4674 ιιοιι
1350 4626 1432 4691 unipl.

147 4711 182 4779 ru]
196 4714 292 4762 llorut.
307 4718 359 4762 eut.
375 4711 396 4762 l.
411 4715 428 4761 i.
444 4712 462 4761 f.

1138 4794 1211 4858 36*
