3382 5370
153 376 270 412 erraeor
285 376 390 412 serrari
404 377 521 413 rescire
534 376 659 412 canoros.
681 359 725 428 [5.]
744 375 986 412 arernrnneuaaa
999 375 1112 411 veorecr
1125 376 1159 411 na
1174 375 1330 418 easovranr.
1362 345 1432 417 591

154 545 237 610 punt,
266 545 333 609 «paret
355 534 433 591 irenae
457 536 515 610 spei
538 553 653 609 pueros,
684 537 793 592 iuvenes
820 543 848 589 et
876 534 993 608 virgides
1022 534 1133 589 mittunt
1157 534 1182 588 iu
1207 541 1346 591 tartarum.
1391 535 1437 609 qui

154 622 176 676 si
193 620 352 695 simpliciter
366 630 516 680 errassent.
540 621 656 677 luissent
671 620 752 678 semel
769 619 815 676 salii
831 619 976 693 gelianum:
999 636 1070 675 nranc
1085 635 1148 674 vere
1165 608 1296 675 maiorum
1313 619 1437 694 enernple

155 724 237 779 prave
260 704 354 760 iruiiuti
377 722 431 761 non
455 714 507 761 tarn
530 715 638 780 aequant
660 724 739 780 apuam
761 704 894 763 excedunt
916 705 996 760 etiam
1019 704 1173 776 silogismos,
1197 711 1227 759 ut
1249 705 1359 760 omnino
1374 723 1437 761 vere

153 791 251 847 dixerit
273 789 363 846 Esaias
386 790 520 864 preplreta
543 791 643 847 ‘linrrais
666 791 808 866 hypocrita
830 797 873 845 est
895 798 923 845 et
945 806 1074 863 nequam.
1103 797 1131 846 ct
1158 787 1312 845 universum
1342 807 1374 845 es
1396 789 1437 845 le·

133 885 255 931 e‘cuturn
278 884 320 931 est
342 874 506 931 stultitiam':
532 884 635 932 tantum
658 877 794 932 exteriora
815 891 887 931 nunc
908 874 1072 948 respiciunt,
1096 874 1123 929 id
1144 882 1187 929 est
1208 875 1383 936 ceremonias.
1407 884 1437 931 ut

155 960 295 1016 videantur
317 959 350 1015 air
372 960 543 1020 lreminilrus.
573 970 603 1017 ut
631 958 685 1015 iliis
715 962 868 1035 imponant.
900 968 928 1017 et
955 958 1006 1015 sul)
1033 958 1126 1015 habitu
1155 957 1297 1031 religionis
1324 959 1437 1016 liberius

155 1131 231 1185 stilari
255 1148 333 1204 quam
356 1128 462 1204 publiea
485 1139 584 1186 serirta.

219 1215 312 1270 ltixit
334 1214 549 1288 Pasquillus.
586 1215 733 1289 Preplrctia
755 1212 902 1272 Ezechielis
925 1232 963 1269 ea.
979 1214 1067 1286 xxviij,
1083 1214 1115 1270 de
1138 1231 1202 1288 rege
1225 1214 1288 1289 Tyri
1311 1232 1366 1270 nen
1383 1216 1505 1270 terrulae.

125 1315 148 1354 re
157 1300 301 1374 Tyriorum
324 1299 382 1373 regi
405 1302 528 1356 convertit
552 1318 632 1374 (param
654 1309 750 1356 nestro
765 1300 903 1359 Pontifici.
926 1299 1058 1373 siqnidem
1081 1307 1109 1354 et
1132 1297 1177 1354 ille
1200 1299 1250 1354 iaur
1272 1300 1337 1355 dicit
1361 1299 1439 1356 ‘licus

158 1394 218 1457 ‘ege
241 1403 316 1446 seur,
339 1394 366 1440 et
389 1384 415 1440 in
438 1385 566 1441 cathedra
587 1385 630 1441 dei
653 1386 727 1447 sedi'.
750 1404 810 1442 emn
833 1385 870 1440 sit
892 1385 986 1457 utique
1009 1385 1091 1440 ireme
1114 1392 1142 1440 et
1164 1401 1218 1439 non
1239 1385 1321 1446 ciens.
1345 1403 1438 1458 pecea-

157 1480 201 1525 ter
223 1478 250 1525 et
273 1487 327 1525 nen
349 1470 454 1526 Petrus.
499 1478 527 1526 et
550 1471 576 1525 in
599 1470 686 1526 medie
710 1470 828 1544 lapidum
852 1470 1001 1543 ignitorum
1029 1466 1188 1530 aanbaiavit.
1216 1469 1304 1525 denec
1332 1471 1439 1525 Inventa

157 1564 198 1610 est
221 1555 247 1610 in
269 1572 302 1610 ee
326 1554 464 1628 iniquitas.
508 1563 536 1611 et
558 1572 625 1628 erge
649 1556 778 1629 preduait
803 1556 892 1629 ignem
915 1555 948 1611 de
976 1553 1046 1609 ereio
1073 1553 1214 1615 donnaus.
1246 1555 1292 1627 qni
1315 1555 1439 1611 comedet

156 1658 231 1700 euru.
255 1648 282 1695 et
303 1639 412 1695 riarbitur
435 1641 461 1695 in
483 1641 601 1697 cinerem
623 1658 707 1714 super
728 1650 842 1703 terram,
865 1647 893 1697 et
915 1656 1008 1696 omnes
1031 1638 1078 1713 qui
1099 1639 1215 1695 viderint
1236 1640 1327 1695 dicent
1349 1638 1438 1696 ‘Nihili

126 1725 257 1780 ra·iactus
279 1742 322 1787 es.
346 1733 373 1780 et
395 1742 449 1780 nen
472 1725 526 1781 eris
550 1725 575 1780 ln
599 1726 778 1799 perpetrrurn.'

221 1810 311 1864 Ilixit
334 1809 510 1866 Vadiscus.
547 1809 622 1867 Sicut
644 1810 709 1866 elim
730 1810 753 1865 si
776 1811 837 1884 quis
860 1809 975 1866 iurasset
998 1827 1047 1884 per
1069 1808 1212 1884 ternplum,
1236 1807 1392 1872 ediderat,
1415 1810 1507 1865 siae.

157 1904 247 1950 aretem
270 1895 387 1951 iurasset
410 1896 435 1950 in
458 1912 525 1951 aure
549 1893 653 1968 tempii,
675 1895 784 1951 debitor
804 1903 878 1957 erat,
902 1895 938 1950 ita
961 1903 1200 1969 quantumcunque
1222 1895 1282 1968 quis
1305 1895 1355 1950 iam
1378 1912 1441 1968 pec·

158 1988 215 2041 cet.
238 1988 378 2053 peceatum
399 1997 454 2036 nen
477 1989 533 2036 est:
557 1981 693 2042 sodomia,
717 1980 855 2042 veneficia.
879 1979 1035 2042 latrocinia,
1058 1988 1154 2054 stupra
1176 1978 1243 2035 nihil
1266 1988 1343 2042 sunt;
1366 1988 1394 2035 at
1416 1981 1439 2035 si

159 2066 220 2138 qais
243 2065 402 2138 romipetam
424 2065 587 2139 praepediat,
616 2082 649 2120 ne
671 2063 736 2120 iiiuc
758 2065 888 2140 importet
910 2082 1021 2127 auriam.
1044 2073 1091 2121 aut
1113 2064 1253 2120 Pontificis
1275 2063 1368 2121 literas
1392 2064 1440 2120 iai-

125 2149 317 2211 aesilataverit.
342 2167 396 2223 qno
419 2151 507 2206 nriuus
529 2149 569 2205 illi
591 2149 671 2206 liceat
693 2150 820 2223 praedari.
845 2151 945 2215 iurari,
969 2167 1022 2207 nen
1045 2149 1147 2224 poterit
1162 2148 1208 2205 iiie
1223 2148 1326 2205 absolvi
1342 2167 1357 2205 a
1372 2168 1440 2224 que·

159 2253 239 2307 ipram
268 2252 346 2308 quarn
375 2234 408 2290 ab
435 2235 552 2308 ipsomet
574 2234 713 2292 Pontidce
758 2236 908 2298 Omeros.
936 2253 952 2291 e
980 2235 1141 2291 caecitatem!
1172 2253 1188 2290 e
1216 2235 1279 2291 ceci
1307 2242 1335 2290 et
1357 2235 1439 2290 alacres

159 2337 308 2379 amararum.
338 2320 464 2394 quamdiu
492 2321 611 2394 patimur
641 2338 688 2376 vos
710 2328 851 2394 serpentes
873 2329 901 2376 et
922 2320 1043 2393 germina
1065 2320 1231 2393 viperarum!
1261 2336 1276 2374 e
1299 2329 1440 2375 exactores

159 2405 384 2466 ceremoniaries,
408 2422 424 2461 e
447 2404 602 2478 patrimonii
625 2405 724 2461 Christi
746 2406 937 2480 dissipatores.
961 2406 1007 2479 qui
1031 2405 1130 2461 rrrumie
1153 2405 1302 2461 servientes
1323 2403 1440 2478 pieriam

159 2507 251 2545 vanarn
274 2490 355 2546 iruius
377 2489 469 2546 saocraii
491 2491 630 2546 ‹lrarntaxat
652 2491 790 2565 ‹quaeritisl
820 2490 865 2547 ‘Vc
894 2489 970 2545 vehis
999 2488 1044 2564 qui
1073 2489 1209 2546 mundatis
1238 2490 1310 2563 qnod
1338 2490 1441 2546 rieloris

123 2583 211 2630 vs‘est
233 2573 325 2631 calicis
346 2583 374 2632 et
396 2576 563 2649 paropsidis,
593 2577 665 2632 intus
696 2585 784 2632 autem
814 2575 887 2650 pleni
916 2575 983 2631 estis
1005 2574 1098 2649 rapina
1120 2583 1148 2630 et
1170 2575 1350 2639 innrundicia;
1379 2575 1440 2648 quia

160 2658 271 2715 'similes
293 2660 359 2716 estis
382 2658 533 2734 sepulchris
555 2659 699 2722 (lenientis,
723 2679 784 2735 qam
807 2661 890 2717 aleris
913 2667 1045 2735 apparent
1065 2658 1221 2717 heririailius
1243 2660 1379 2734 speciosa,
1403 2661 1442 2715 in·

160 2753 213 2800 ‘tus
235 2763 298 2800 vere
321 2744 399 2818 plena
422 2752 485 2800 sent
508 2745 616 2802 essibus
638 2755 808 2802 inertuormn
830 2755 858 2801 et
881 2746 953 2802 ennii
976 2745 1115 2819 spurcitia.
1159 2744 1244 2800 aleris
1266 2745 1374 2819 quidem
1395 2762 1442 2819 ap·

160 2829 271 2903 ‘paretis
293 2829 449 2886 horninibus
473 2831 554 2892 iusti,
579 2830 652 2887 intus
675 2840 763 2887 autem
786 2831 858 2905 pieni
882 2832 949 2887 estis
971 2830 1109 2905 hypocrisi
1133 2836 1160 2886 et
1183 2829 1343 2903 iniquitate!

223 2914 316 2971 Iliait
337 2913 548 2988 Pasquiilus.
587 2916 613 2972 Si
642 2915 702 2989 iege
730 2925 871 2978 caveatur.
905 2923 935 2972 ut
963 2914 1079 2990 quilibet
1108 2915 1252 2971 consessor
1284 2915 1509 2972 «talemence.

127 2999 248 3058 mseliut
275 2999 428 3062 confitenti,
457 3002 548 3057 statim
581 3001 701 3057 lutrarum
730 3001 795 3063 crit.
827 3008 857 3057 ut
885 3018 964 3057 neme
993 3000 1168 3062 confiteatur.
1197 3001 1259 3073 quia
1287 3017 1366 3057 nerne
1390 3000 1443 3056 erit

161 3086 205 3159 qui
229 3084 320 3141 audiat
342 3085 556 3143 cenfessionem:
580 3095 692 3160 apparet
715 3087 798 3160 igitur
820 3093 847 3142 et
869 3085 1068 3142 cenfessionem
1084 3085 1186 3159 alioqui
1202 3086 1298 3141 irenam
1314 3094 1342 3140 et
1357 3085 1443 3160 preire

161 3170 312 3226 institutam
341 3171 364 3226 si
392 3178 464 3227 reete
494 3178 637 3234 tractetur,
667 3180 695 3226 et
722 3171 928 3245 praedicationes
955 3178 983 3226 et
1011 3170 1260 3226 administrationes
1288 3169 1443 3244 aliquorum

160 3263 389 3311 sacrarareutorurn
405 3273 459 3311 aea
477 3257 527 3312 nisi
544 3264 657 3331 prepter
679 3264 814 3330 ‹prarestum
838 3256 889 3311 ianr
913 3254 988 3317 deri.
1011 3255 1163 3329 pracsertim
1188 3274 1202 3311 a
1224 3255 1363 3328 girovagis
1385 3273 1442 3311 ure·

162 3340 255 3395 naciris
279 3340 382 3395 ordinis
403 3341 628 3402 Praedicuterum.
653 3341 761 3415 (pariesi
784 3357 879 3397 casces
901 3351 928 3396 et
951 3347 1085 3414 quaestum
1108 3356 1162 3395 nen
1184 3348 1372 3412 expectarent,
1395 3342 1444 3395 nri·

127 3424 234 3480 asninre
256 3425 447 3498 predicarent:
475 3443 525 3482 nee
551 3426 652 3482 animas
681 3434 819 3498 (praeerunt.
850 3426 897 3480 sed
926 3424 1045 3487 loculos.
1074 3432 1102 3480 et
1124 3425 1257 3480 interdum
1280 3425 1361 3481 etiam
1384 3423 1444 3498 pul·

162 3508 241 3565 cirrus
256 3509 393 3567 mulieres.
436 3511 565 3565 Drarumb
585 3511 670 3566 desta
685 3512 731 3565 cie
745 3510 846 3565 erdere
860 3511 1004 3582 precedet,
1028 3511 1085 3566 eiad
1100 3510 1157 3564 mitt
1169 3510 1263 3566 debeo
1281 3511 1345 3566 dein
1360 3506 1444 3580 darili

161 3597 233 3658 rein,
256 3610 287 3650 se
302 3610 353 3667 geo
374 3597 427 3651 der
442 3594 560 3667 pseusen
583 3598 640 3651 errd
659 3597 712 3651 der
732 3596 952 3651 ircndtstreiciier
970 3597 1099 3667 myrssiq.

226 3679 315 3734 liisit
337 3679 515 3735 Vadiscus.
552 3680 681 3737 illartinus
710 3680 859 3746 Ludimus,
888 3682 928 3735 vir
955 3680 1108 3754 piissimus,
1141 3678 1216 3735 misit
1243 3679 1337 3736 falcem
1365 3691 1512 3744 suamne.

163 3764 190 3818 ia
212 3781 326 3820 messem
350 3764 487 3837 pontilicis
509 3765 634 3827 Romani,
663 3774 691 3821 et
720 3765 867 3821 demessuit
895 3765 946 3821 sibi
976 3765 1109 3821 narradinas
1131 3763 1192 3821 ilias
1215 3764 1444 3838 indulgentiarum

129 3857 192 3906 ieet
214 3847 289 3903 lrarra
313 3849 400 3904 onmis
423 3849 579 3924 impietatis.
603 3859 630 3905 et
653 3850 712 3905 ideo
735 3850 879 3906 hereticus
907 3859 967 3913 est;
995 3850 1068 3924 qued
1091 3850 1113 3904 si
1136 3849 1261 3907 lraeresinr
1283 3852 1445 3907 astruxisset

162 3933 195 3988 de
218 3933 344 3989 sectanda
366 3934 490 3995 avaritia.
513 3934 546 3989 dc
568 3933 642 3990 licita
664 3934 838 4008 possessione
860 3934 1009 3990 rnrdterum
1032 3933 1224 3991 beneficiorum
1246 3943 1274 3991 et
1297 3935 1445 3992 eorundem

163 4018 360 4094 eapiisratiene.
382 4019 415 4075 de
438 4019 597 4075 aririratioue
612 4019 764 4081 Pontificis.
789 4019 884 4075 luisset
905 4020 1025 4076 donatus
1047 4019 1203 4093 quingentis
1226 4021 1316 4077 aureis
1339 4028 1367 4076 et
1390 4037 1445 4078 une

164 4103 258 4177 pingui
281 4103 425 4165 beneficio.
448 4105 519 4160 sicut
541 4102 644 4161 Eecius.

232 4387 325 4438 *lsai
339 4389 385 4438 IX.
403 4387 441 4438 17.
499 4388 510 4420 ⁷
529 4386 658 4455 vestales]
678 4405 797 4453 nonnas,
816 4388 959 4442 moniales.
1029 4388 1051 4423 ¹⁰
1068 4388 1145 4456 dicit]
1164 4389 1268 4441 Ezech.
1280 4391 1407 4443 XXVIII.
1419 4392 1446 4444 2.

167 4472 187 4504 ¹²
207 4472 250 4522 (a.
266 4473 365 4522 licerii.
380 4474 506 4523 xxviii.
525 4474 560 4524 l-l.
579 4476 616 4523 15.
670 4475 823 4540 lepidorum
842 4480 865 4526 1.
918 4472 1183 4528 ¹⁴Ezeela.l.e.iil.
1241 4475 1445 4544 ¹⁸Cs.Eveng.

165 4574 221 4607 see.
235 4558 333 4607 llattlr.
348 4558 449 4608 XXIII.
467 4558 504 4607 te.
572 4557 595 4590 ²²
613 4561 754 4623 gearimina
772 4560 871 4610 Matth.
885 4559 987 4610 XXIII.
999 4559 1041 4612 3³.
1054 4561 1123 4611 Luc.
1136 4559 1188 4611 III.
1200 4561 1226 4611 7.
1294 4559 1316 4593 ²⁴
1339 4562 1445 4628 Eveng.

165 4642 563 4693 caetratae.xxrrl.t.'›...·.>e.
650 4642 672 4674 ²⁵
694 4645 891 4710 parapsiaIIs·1.
971 4644 994 4677 ⁸²
1015 4644 1247 4714 Iandtstricla·lier
1264 4649 1289 4696 1.
1356 4645 1378 4679 ⁸⁸
1401 4645 1445 4698 Ol'.

165 4727 251 4776 IIerc.
265 4727 311 4776 IV.
325 4727 367 4776 ea.
418 4725 440 4759 ⁸³
459 4726 501 4777 Cf.
516 4745 541 4794 p.
555 4726 614 4778 583.
627 4743 654 4781 v.
665 4727 707 4779 35.
