3382 5370
197 346 269 416 416
400 363 463 413 Xll.
531 377 676 414 neuturus.
746 380 885 415 nraeoors
905 382 1079 416 nvrrnurcrs
1098 367 1274 429 (rosarum).

194 540 280 602 tunc,
303 532 464 592 istiusmodi
487 531 565 593 terre
586 533 758 595 iudustriam
782 534 978 596 barbaricum.
1014 554 1101 616 quarn
1120 536 1158 596 ob
1178 555 1241 597 rem
1258 556 1324 597 cnm
1347 545 1374 599 et
1401 541 1480 615 opti·

195 653 273 699 urant
295 636 348 695 iste
371 643 492 695 conatus
513 636 559 695 sui
581 653 713 696 caussam
736 636 888 706 habuerit,
913 644 941 698 et
964 645 1074 698 tantum
1097 640 1194 699 animo
1217 658 1250 699 ac
1274 641 1378 701 virtute
1401 639 1480 699 nrili·

198 738 311 816 tarique
334 737 453 797 scientia
477 735 612 806 valuerit,
636 757 731 818 ireque
753 738 838 800 aliter
860 758 948 818 quam
970 741 1005 800 ad
1029 743 1129 818 patriae
1151 740 1337 801 commodum
1361 739 1479 819 [sericii-

195 846 271 899 tatus
300 839 350 908 sit,
384 839 596 918 minimumque
622 840 696 900 vitiis
723 843 915 911 concesserit,
952 860 1010 901 non
1047 843 1146 911 video,
1180 861 1234 920 per
1262 843 1377 911 lorem,
1411 844 1480 920 qriis

127 950 186 1000 tta.
196 942 304 1002 rectius
318 941 531 1018 Imperatorum
554 959 686 1003 summus
707 943 810 1004 baberi
825 942 943 1011 debean
966 962 1020 1003 nec
1036 943 1156 1005 dubium
1173 953 1217 1005 est
1232 946 1317 1025 quin,
1340 947 1363 1005 si
1380 947 1503 1022 primos

194 1043 289 1103 statim
313 1043 478 1112 vobiscum,
500 1062 518 1103 o
541 1043 720 1115 Alexander,
744 1046 940 1106 contendisset
962 1045 1024 1115 bic,
1054 1045 1180 1123 palmam
1203 1048 1228 1106 ei
1250 1045 1327 1106 ultro
1350 1047 1479 1106 addixis-

193 1162 272 1205 sern:
305 1146 481 1214 nunciam,
514 1147 582 1224 qnia
603 1146 682 1225 quod
705 1147 863 1208 iudicatum
886 1146 976 1207 semel
998 1147 1045 1207 bic
1068 1156 1111 1208 est
1133 1148 1300 1209 rescindere
1331 1146 1401 1208 illud
1434 1149 1480 1207 las

195 1247 346 1325 protribet,
370 1266 465 1327 neque
488 1249 678 1308 constitutum
700 1257 767 1309 ante
790 1249 922 1310 ordinem
944 1267 1062 1310 morere
1077 1248 1158 1318 licet,
1182 1252 1251 1311 satis
1267 1249 1375 1310 babere
1390 1249 1480 1310 decet

195 1359 237 1420 te,
272 1351 398 1419 Armini,
433 1349 540 1410 lroeiu
563 1351 812 1412 animisententia
836 1353 1009 1429 essemil1i‚
1043 1352 1121 1430 quod
1149 1352 1245 1412 vorbis
1267 1370 1385 1430 qumque
1406 1370 1481 1431 pro·

126 1453 395 1521 trenunciassem,
419 1453 442 1512 si
465 1471 530 1512 cum
554 1453 614 1512 istis
636 1451 805 1513 ambitiosus
828 1461 857 1513 tu
881 1472 944 1514 esse
966 1453 1121 1521 voluissem
1144 1455 1210 1532 cirria
1226 1473 1294 1513 reri»
1309 1455 1387 1513 luisti
1402 1453 1477 1513 libe·
1491 1469 1515 1508 to

193 1562 273 1614 rator
296 1555 474 1622 Germaniae,
498 1562 527 1614 et
549 1552 626 1614 bello
648 1572 702 1632 pro
725 1555 859 1617 libertate
880 1563 1016 1633 suscepto
1039 1557 1175 1616 im'ictum
1203 1573 1306 1615 omues
1334 1558 1477 1616 conliten·

193 1664 255 1723 tur,
279 1675 374 1735 neque
396 1656 435 1716 ibi
459 1654 502 1717 rel
524 1656 646 1734 periculi
668 1657 734 1736 plus
758 1658 891 1718 exhausit
912 1660 1064 1737 quisquam
1088 1656 1130 1717 rel
1154 1657 1297 1717 commodi
1328 1658 1355 1717 iu
1380 1656 1477 1735 prrbli·

192 1778 259 1818 curn
283 1766 434 1819 assecutus
457 1766 514 1828 est,
544 1760 640 1836 placet
662 1778 729 1819 cum
751 1760 850 1820 Brutis
872 1777 982 1838 ponere
1005 1767 1033 1819 to
1056 1768 1085 1819 et
1106 1761 1182 1820 inter
1204 1761 1304 1837 patriae
1333 1758 1475 1819 libertatis

192 1861 318 1920 vindices
340 1863 435 1938 primo
458 1860 708 1929 loco;,dlercurio
732 1870 829 1923 autem
852 1863 920 1923 bule
941 1862 1090 1940 negotium
1114 1861 1167 1927 do,
1196 1861 1277 1920 utin
1302 1861 1383 1929 loro,
1413 1858 1474 1938 pla·

192 1965 259 2032 teis,
283 1963 376 2031 circo,
400 1964 490 2023 triviis
512 1971 541 2024 et
563 1964 664 2024 ubiubi
686 1965 838 2025 lionrinurn
860 1984 894 2025 ac
916 1965 1038 2024 deorum
1062 1964 1221 2041 trequentia
1252 1971 1310 2031 est,
1341 1977 1507 2040 prorum-rs

191 2066 247 2124 ciet
267 2066 428 2125 Arminium
459 2065 638 2127 Cheruscmn
666 2066 864 2135 liberrimum,
898 2067 1116 2126 invictissimum
1145 2071 1173 2124 et
1199 2065 1470 2131 tlernranissimum,

191 2167 291 2244 sicque
314 2166 412 2228 iubeat
433 2171 540 2246 passim
564 2166 600 2228 ab
624 2169 760 2228 onmilms
782 2169 936 2229 acclamari
958 2165 1027 2227 tibi:
1050 2166 1082 2227 ld
1098 2167 1175 2244 qruut
1191 2167 1342 2226 decretum
1359 2173 1388 2226 et
1403 2184 1472 2225 ron·

190 2269 323 2328 stitutum
346 2277 422 2339 esto,
446 2288 541 2348 neque
563 2269 614 2330 ulli
636 2272 759 2350 posthac
781 2271 924 2349 refragari
948 2270 1040 2331 licoat.

122 2371 179 2422 Μ·
254 2392 448 2432 annxasnnn.
486 2374 522 2432 bt
549 2375 663 2434 servivit
690 2372 845 2452 aliquando
872 2373 934 2441 bic;
964 2392 1018 2450 ego
1046 2389 1162 2449 semper
1190 2389 1262 2439 rex,
1291 2388 1409 2448 scrinei·
1430 2369 1471 2429 tui

187 2472 271 2534 liber.
1480 2487 1508 2527 ao

251 2597 409 2637 aanmrvs
447 2577 508 2653 Ego
532 2578 650 2638 mininie
674 2585 860 2638 veromente
883 2574 1099 2637 obnoxiusulli
1122 2592 1250 2653 unquam
1274 2573 1330 2633 lui:
1354 2591 1473 2651 semper

188 2677 265 2737 euim
287 2676 427 2738 libertatis
449 2698 578 2749 inemor,
602 2698 667 2739 curn
691 2680 766 2740 aliud
791 2678 860 2738 nilnl
883 2681 1021 2756 agitarem
1045 2679 1140 2737 animo
1163 2677 1217 2736 nisi
1239 2675 1387 2754 quonmdo
1402 2693 1472 2753 pos·

188 2797 250 2840 sem
272 2779 368 2840 oblata
391 2783 545 2841 occasione
566 2783 664 2841 iuvare
689 2783 826 2859 pariam,
856 2783 884 2840 iu
913 2780 960 2840 illa
984 2778 1167 2858 portularium
1190 2779 1337 2838 servitutis
1360 2779 1471 2854 patieu-

188 2883 242 2952 tia,
266 2882 360 2942 donec
383 2882 456 2942 lacta
480 2890 619 2962 praestare
641 2902 699 2942 nou
723 2884 819 2963 riotui,
843 2881 994 2943 consilium
1017 2900 1133 2961 quoque
1156 2878 1333 2941 dissimulari
1348 2886 1376 2939 et
1391 2879 1472 2939 clau-

188 3002 250 3044 sam
274 2985 349 3044 intra
371 3003 417 3046 me
440 2984 581 3045 libertatis
604 3004 705 3046 curam
729 2987 818 3046 tenui.
1480 2999 1507 3038 ²⁵

118 3089 178 3142 tb-
251 3108 447 3149 acnxanonn.
484 3087 547 3147 lloc
569 3088 712 3166 estquod
735 3089 833 3149 lerunt
855 3087 909 3156 illi,
942 3105 1000 3147 nou
1028 3085 1143 3146 licuisse
1172 3084 1223 3144 tibi
1246 3085 1409 3145 desciscere
1431 3082 1472 3144 ab

185 3189 220 3248 iis
242 3208 369 3269 quorum
391 3188 481 3250 sentel
504 3191 603 3268 iugum
626 3192 796 3269 accepisses.

248 3311 406 3354 canimus.
443 3295 537 3371 dtqeie
560 3293 616 3354 boc
639 3293 781 3370 estquod
805 3311 860 3369 ego
882 3301 983 3352 curura
1006 3291 1185 3368 respondeo,
1210 3308 1305 3368 neque
1320 3290 1472 3366 accepisse

185 3394 284 3472 iugum
308 3413 355 3455 me
377 3394 421 3454 vel
443 3396 540 3455 aniano
562 3396 591 3454 in
614 3397 782 3456 servitutem
813 3397 1012 3462 consensisse,
1047 3410 1142 3470 raeque
1171 3393 1194 3450 si
1224 3410 1258 3450 eo
1288 3391 1471 3451 rrecessitatis

184 3496 283 3575 iniquo
306 3496 403 3576 aliquo
426 3504 558 3575 tempore
581 3504 700 3557 coactus
729 3515 776 3557 me
804 3496 1032 3574 impedivissem,
1065 3513 1124 3554 non
1154 3494 1268 3553 licuisse
1298 3511 1351 3569 ner
1380 3509 1506 3552 ocra-so

183 3600 311 3669 sionem,
334 3599 570 3678 quandocunque
594 3619 626 3660 ea
649 3618 680 3660 sc
703 3598 844 3668 dedisset,
868 3597 935 3658 inde
958 3615 1061 3657 rursus
1076 3597 1221 3674 expiediri:
1245 3613 1311 3654 iram
1328 3595 1407 3673 qrrod
1424 3596 1471 3654 ius

184 3700 294 3761 habere
316 3710 411 3779 potest
433 3703 482 3781 qrri
505 3709 617 3761 uatunn
639 3701 812 3770 beneficium
835 3699 919 3760 alteri
934 3700 1038 3777 eripit?
1062 3698 1105 3758 rel
1121 3718 1186 3776 ciriae
1202 3697 1304 3757 iniuria
1320 3703 1364 3756 cst
1380 3714 1469 3756 suum

184 3801 240 3862 sibi
264 3804 402 3864 violenter
425 3804 587 3865 detractum
611 3806 673 3882 uari
697 3802 828 3864 violentia
852 3804 1048 3880 reverberaret

115 3908 173 3958 §.aa
247 3926 441 3967 messanen.
478 3908 514 3967 at
535 3907 621 3966 tidem
645 3906 776 3966 dederas.

247 4027 405 4070 naurnn's.
443 4007 480 4068 Ut
501 4007 619 4084 indigne
642 4006 749 4086 aliquid
772 4014 906 4085 paterer,
929 4023 988 4064 nou
1011 4003 1164 4064 dederam:
1188 4004 1267 4081 potui
1291 4009 1387 4062 tamen
1410 4002 1516 4063 lio-ss·

182 4117 262 4170 ueste
285 4119 313 4170 et
334 4108 493 4171 liberaliter
515 4128 635 4188 parere,
665 4112 689 4171 si
712 4110 843 4170 modeste
865 4108 904 4169 illi
928 4115 956 4167 et
978 4105 1098 4166 civiliter
1122 4106 1267 4183 imperare
1291 4104 1470 4174 noluissent:

180 4212 231 4272 sed
255 4219 285 4271 ut
308 4213 452 4274 dedissem
475 4220 617 4272 extortam
641 4212 666 4271 vi
689 4218 717 4272 et
740 4212 858 4278 iniuria,
882 4209 1045 4270 communis
1068 4208 1124 4267 boc
1147 4208 1200 4265 rita
1225 4207 1353 4274 saricirit,
1378 4207 1469 4267 tidem

179 4331 239 4373 non
262 4332 326 4374 esse
348 4332 435 4392 quam
457 4320 591 4392 raptores
613 4315 729 4391 exigunt
758 4312 794 4372 ab
824 4313 865 4373 eis
893 4313 942 4389 qtri
971 4311 1142 4370 incessitatc
1174 4310 1266 4368 eoacti
1293 4327 1325 4368 ea
1358 4327 1469 4370 conre-

112 4417 253 4476 emitum
276 4415 374 4486 lacile,
408 4416 514 4495 quibus
543 4436 597 4478 nec
624 4415 679 4495 ipsi
709 4432 810 4476 carere
839 4413 947 4475 debent
977 4433 1030 4473 nec
1053 4413 1094 4471 uti
1117 4413 1165 4489 cliii
1189 4412 1313 4488 rapiunt.
1359 4411 1467 4482 Porro,

180 4519 230 4599 qrri
253 4517 335 4577 alteri
358 4517 456 4596 iugum
479 4520 588 4588 iniecit,
612 4536 709 4578 uonrre
732 4525 854 4578 eatenus
876 4516 930 4576 sibi
952 4515 1111 4575 obnoxium
1135 4512 1240 4581 lrabet,
1270 4519 1414 4591 irrratenus
1438 4514 1465 4573 ri
1479 4530 1506 4568 ro

180 4637 373 4650 μ’...

249 4705 255 4738 ¹
275 4705 451 4756 lturburienm
470 4710 508 4757 tt.
555 4706 729 4774 'probibent
748 4707 771 4754 1.

42 4930 203 5054 fi
